<?xml version="1.0" encoding="UTF-8"?>
<!DOCTYPE html PUBLIC "-//W3C//DTD XHTML 1.0 Transitional//EN"
    "http://www.w3.org/TR/xhtml1/DTD/xhtml1-transitional.dtd">
<html xmlns="http://www.w3.org/1999/xhtml" xml:lang="en" lang="en">
 <head>
  <title>
</title>
<meta http-equiv="Content-Type" content="text/html;charset=utf-8" />
  <meta name='ocr-system' content='tesseract 3.04.00' />
  <meta name='ocr-capabilities' content='ocr_page ocr_carea ocr_par ocr_line ocrx_word'/>
</head>
<body>
  <div class='ocr_page' id='page_1' title='image "./depratina00beckuoft_0084.png"; bbox 0 0 1994 3236; ppageno 0'>
   <div class='ocr_carea' id='block_1_1' title="bbox 933 218 1220 262">
    <p class='ocr_par' dir='ltr' id='par_1_1' title="bbox 933 218 1220 262">
     <span class='ocr_line' id='line_1_1' title="bbox 933 218 1220 262; baseline 0.003 -15"><span class='ocrx_word' id='word_1_1' title='bbox 933 218 1220 262; x_wconf 63' lang='lat'>„73-</span> 
     </span>
    </p>
   </div>
   <div class='ocr_carea' id='block_1_2' title="bbox 262 333 1886 1940">
    <p class='ocr_par' dir='ltr' id='par_1_2' title="bbox 269 333 1886 462">
     <span class='ocr_line' id='line_1_2' title="bbox 270 333 1886 392; baseline 0.005 -18"><span class='ocrx_word' id='word_1_2' title='bbox 270 343 356 375; x_wconf 94' lang='lat' dir='ltr'>non</span> <span class='ocrx_word' id='word_1_3' title='bbox 402 334 558 376; x_wconf 88' lang='lat' dir='ltr'>inveni.</span> <span class='ocrx_word' id='word_1_4' title='bbox 637 333 876 387; x_wconf 76' lang='lat' dir='ltr'><strong>Euripides,</strong></span> <span class='ocrx_word' id='word_1_5' title='bbox 919 335 1112 379; x_wconf 84' lang='lat' dir='ltr'>historici</span> <span class='ocrx_word' id='word_1_6' title='bbox 1157 338 1391 391; x_wconf 87' lang='lat' dir='ltr'>scriptores</span> <span class='ocrx_word' id='word_1_7' title='bbox 1431 336 1558 381; x_wconf 80' lang='lat' dir='ltr'>Attici</span> <span class='ocrx_word' id='word_1_8' title='bbox 1602 348 1734 392; x_wconf 90' lang='lat' dir='ltr'>saepe</span> <span class='ocrx_word' id='word_1_9' title='bbox 1774 337 1886 383; x_wconf 90' lang='lat' dir='ltr'>hanc</span> 
     </span>
     <span class='ocr_line' id='line_1_3' title="bbox 269 403 1473 462; baseline 0.005 -17"><span class='ocrx_word' id='word_1_10' title='bbox 269 415 419 446; x_wconf 88' lang='lat' dir='ltr'>vocem</span> <span class='ocrx_word' id='word_1_11' title='bbox 456 403 629 458; x_wconf 89' lang='lat' dir='ltr'>habent,</span> <span class='ocrx_word' id='word_1_12' title='bbox 662 405 910 449; x_wconf 76' lang='lat' dir='ltr'>Herodotus</span> <span class='ocrx_word' id='word_1_13' title='bbox 945 406 1092 459; x_wconf 91' lang='lat' dir='ltr'>semel,</span> <span class='ocrx_word' id='word_1_14' title='bbox 1126 406 1244 450; x_wconf 93' lang='lat' dir='ltr'>Plato</span> <span class='ocrx_word' id='word_1_15' title='bbox 1278 418 1421 462; x_wconf 90' lang='lat' dir='ltr'>saepe.</span> <span class='ocrx_word' id='word_1_16' title='bbox 1440 407 1473 462; x_wconf 84' lang='grc'>1)</span> 
     </span>
    </p>

    <p class='ocr_par' dir='ltr' id='par_1_3' title="bbox 387 475 990 530">
     <span class='ocr_line' id='line_1_4' title="bbox 387 475 990 530; baseline 0.007 -17"><span class='ocrx_word' id='word_1_17' title='bbox 387 476 655 529; x_wconf 71' lang='grc' dir='ltr'><em>φρι·ναῖος</em></span> <span class='ocrx_word' id='word_1_18' title='bbox 686 475 812 530; x_wconf 79' lang='lat' dir='ltr'>(Prat.</span> <span class='ocrx_word' id='word_1_19' title='bbox 847 476 870 529; x_wconf 89' lang='lat' dir='ltr'>l,</span> <span class='ocrx_word' id='word_1_20' title='bbox 903 475 990 529; x_wconf 89' lang='lat'>10.)</span> 
     </span>
    </p>

    <p class='ocr_par' dir='ltr' id='par_1_4' title="bbox 268 544 1884 740">
     <span class='ocr_line' id='line_1_5' title="bbox 385 544 1882 606; baseline 0.003 -18"><span class='ocrx_word' id='word_1_21' title='bbox 385 544 500 588; x_wconf 79' lang='lat' dir='ltr'>Haec</span> <span class='ocrx_word' id='word_1_22' title='bbox 532 558 616 589; x_wconf 88' lang='lat' dir='ltr'>vox</span> <span class='ocrx_word' id='word_1_23' title='bbox 662 558 748 589; x_wconf 91' lang='lat' dir='ltr'>non</span> <span class='ocrx_word' id='word_1_24' title='bbox 783 550 923 589; x_wconf 88' lang='lat' dir='ltr'>exstat</span> <span class='ocrx_word' id='word_1_25' title='bbox 958 548 1176 590; x_wconf 91' lang='lat' dir='ltr'>sermonis</span> <span class='ocrx_word' id='word_1_26' title='bbox 1218 547 1336 603; x_wconf 91' lang='lat' dir='ltr'>lyrici</span> <span class='ocrx_word' id='word_1_27' title='bbox 1370 548 1468 591; x_wconf 92' lang='lat' dir='ltr'>aliis</span> <span class='ocrx_word' id='word_1_28' title='bbox 1501 549 1609 592; x_wconf 91' lang='lat' dir='ltr'>locis</span> <span class='ocrx_word' id='word_1_29' title='bbox 1659 562 1800 606; x_wconf 91' lang='lat' dir='ltr'>neque</span> <span class='ocrx_word' id='word_1_30' title='bbox 1841 551 1882 593; x_wconf 95' lang='lat' dir='ltr'>in</span> 
     </span>
     <span class='ocr_line' id='line_1_6' title="bbox 268 617 1884 675; baseline 0.005 -19"><span class='ocrx_word' id='word_1_31' title='bbox 268 626 470 658; x_wconf 87' lang='lat' dir='ltr'>sermone</span> <span class='ocrx_word' id='word_1_32' title='bbox 503 618 626 669; x_wconf 92' lang='lat' dir='ltr'>epico</span> <span class='ocrx_word' id='word_1_33' title='bbox 661 629 801 671; x_wconf 90' lang='lat' dir='ltr'>neque</span> <span class='ocrx_word' id='word_1_34' title='bbox 832 619 1010 672; x_wconf 89' lang='lat' dir='ltr'>tragico.</span> <span class='ocrx_word' id='word_1_35' title='bbox 1070 617 1127 660; x_wconf 93' lang='lat' dir='ltr'>De</span> <span class='ocrx_word' id='word_1_36' title='bbox 1164 618 1384 662; x_wconf 87' lang='lat' dir='ltr'>similibus</span> <span class='ocrx_word' id='word_1_37' title='bbox 1417 618 1644 663; x_wconf 88' lang='lat' dir='ltr'>vocabulis</span> <span class='ocrx_word' id='word_1_38' title='bbox 1677 619 1728 664; x_wconf 78' lang='lat' dir='ltr'>cf.</span> <span class='ocrx_word' id='word_1_39' title='bbox 1752 630 1884 675; x_wconf 90' lang='lat' dir='ltr'>supra</span> 
     </span>
     <span class='ocr_line' id='line_1_7' title="bbox 271 686 411 740; baseline 0 -12"><span class='ocrx_word' id='word_1_40' title='bbox 271 686 411 740; x_wconf 15' lang='lat' dir='ltr'>p.735.</span> 
     </span>
    </p>

    <p class='ocr_par' dir='ltr' id='par_1_5' title="bbox 383 750 988 812">
     <span class='ocr_line' id='line_1_8' title="bbox 383 750 988 812; baseline 0.01 -17"><span class='ocrx_word' id='word_1_41' title='bbox 383 750 682 810; x_wconf 70' lang='grc' dir='ltr'><em>χορεύματα</em></span> <span class='ocrx_word' id='word_1_42' title='bbox 713 757 840 809; x_wconf 82' lang='lat' dir='ltr'>(Prat.</span> <span class='ocrx_word' id='word_1_43' title='bbox 876 758 899 806; x_wconf 76' lang='grc' dir='ltr'>Ι,</span> <span class='ocrx_word' id='word_1_44' title='bbox 936 757 988 812; x_wconf 92' lang='grc'>1.)</span> 
     </span>
    </p>

    <p class='ocr_par' dir='ltr' id='par_1_6' title="bbox 262 826 1885 1940">
     <span class='ocr_line' id='line_1_9' title="bbox 385 826 1883 885; baseline 0.005 -16"><span class='ocrx_word' id='word_1_45' title='bbox 385 826 531 882; x_wconf 82' lang='lat' dir='ltr'>Neque</span> <span class='ocrx_word' id='word_1_46' title='bbox 577 829 619 870; x_wconf 92' lang='lat' dir='ltr'>in</span> <span class='ocrx_word' id='word_1_47' title='bbox 654 828 921 871; x_wconf 82' lang='lat' dir='ltr'>carminibus</span> <span class='ocrx_word' id='word_1_48' title='bbox 956 828 1188 872; x_wconf 88' lang='lat' dir='ltr'>homericis</span> <span class='ocrx_word' id='word_1_49' title='bbox 1227 842 1369 885; x_wconf 91' lang='lat' dir='ltr'>neque</span> <span class='ocrx_word' id='word_1_50' title='bbox 1408 832 1450 873; x_wconf 92' lang='lat' dir='ltr'>in</span> <span class='ocrx_word' id='word_1_51' title='bbox 1483 830 1663 875; x_wconf 77' lang='lat' dir='ltr'>Hesiodi</span> <span class='ocrx_word' id='word_1_52' title='bbox 1707 832 1883 885; x_wconf 90' lang='lat' dir='ltr'>scriptis</span> 
     </span>
     <span class='ocr_line' id='line_1_10' title="bbox 268 896 1885 955; baseline 0.004 -16"><span class='ocrx_word' id='word_1_53' title='bbox 268 896 374 939; x_wconf 92' lang='lat' dir='ltr'>haec</span> <span class='ocrx_word' id='word_1_54' title='bbox 412 909 496 940; x_wconf 85' lang='lat' dir='ltr'>vox</span> <span class='ocrx_word' id='word_1_55' title='bbox 534 900 731 940; x_wconf 89' lang='lat' dir='ltr'>occurrit.</span> <span class='ocrx_word' id='word_1_56' title='bbox 796 898 853 941; x_wconf 92' lang='lat' dir='ltr'>lbi</span> <span class='ocrx_word' id='word_1_57' title='bbox 899 899 1073 942; x_wconf 87' lang='lat' dir='ltr'>saltatio</span> <span class='ocrx_word' id='word_1_58' title='bbox 1115 912 1252 955; x_wconf 93' lang='lat' dir='ltr'>aeque</span> <span class='ocrx_word' id='word_1_59' title='bbox 1293 913 1342 944; x_wconf 94' lang='lat' dir='ltr'>ac</span> <span class='ocrx_word' id='word_1_60' title='bbox 1384 900 1519 953; x_wconf 88' lang='lat' dir='ltr'>locus,</span> <span class='ocrx_word' id='word_1_61' title='bbox 1566 901 1640 944; x_wconf 93' lang='lat' dir='ltr'>ubi</span> <span class='ocrx_word' id='word_1_62' title='bbox 1691 901 1885 955; x_wconf 82' lang='lat' dir='ltr'>saltatur,</span> 
     </span>
     <span class='ocr_line' id='line_1_11' title="bbox 265 960 1884 1027; baseline 0.004 -21"><span class='ocrx_word' id='word_1_63' title='bbox 265 960 388 1021; x_wconf 78' lang='grc' dir='ltr'><em>χορός</em></span> <span class='ocrx_word' id='word_1_64' title='bbox 419 967 587 1010; x_wconf 83' lang='lat' dir='ltr'>dicitur.</span> <span class='ocrx_word' id='word_1_65' title='bbox 621 967 660 1011; x_wconf 87' lang='lat' dir='ltr'>ll.</span> <span class='ocrx_word' id='word_1_66' title='bbox 704 971 740 1007; x_wconf 89' lang='grc' dir='ltr'><em>Γ</em></span> <span class='ocrx_word' id='word_1_67' title='bbox 763 968 850 1011; x_wconf 83' lang='grc'>393</span> <span class='ocrx_word' id='word_1_68' title='bbox 874 981 925 1024; x_wconf 86' lang='lat' dir='ltr'>sq</span> <span class='ocrx_word' id='word_1_69' title='bbox 957 960 1066 1009; x_wconf 73' lang='grc' dir='ltr'><em>ἄλλα</em></span> <span class='ocrx_word' id='word_1_70' title='bbox 1090 963 1213 1022; x_wconf 73' lang='grc' dir='ltr'><em>χορὸν</em></span> <span class='ocrx_word' id='word_1_71' title='bbox 1244 967 1292 1010; x_wconf 79' lang='grc' dir='ltr'>δὲ</span> <span class='ocrx_word' id='word_1_72' title='bbox 1325 962 1508 1024; x_wconf 68' lang='grc' dir='ltr'><em>ἔρχεσθ’,</em></span> <span class='ocrx_word' id='word_1_73' title='bbox 1540 961 1588 1027; x_wconf 76' lang='grc' dir='ltr'>ἠὲ</span> <span class='ocrx_word' id='word_1_74' title='bbox 1617 972 1762 1026; x_wconf 88' lang='grc' dir='ltr'><em>χοροῖο</em></span> <span class='ocrx_word' id='word_1_75' title='bbox 1790 968 1884 1012; x_wconf 80' lang='grc' dir='ltr'><em>νέον</em></span> 
     </span>
     <span class='ocr_line' id='line_1_12' title="bbox 265 1031 1879 1097; baseline 0.004 -21"><span class='ocrx_word' id='word_1_76' title='bbox 265 1031 446 1092; x_wconf 70' lang='grc' dir='ltr'><em>λήγοντα</em></span> <span class='ocrx_word' id='word_1_77' title='bbox 481 1034 702 1088; x_wconf 66' lang='grc' dir='ltr'><em>καθίζεινς</em></span> <span class='ocrx_word' id='word_1_78' title='bbox 744 1037 821 1081; x_wconf 91' lang='lat' dir='ltr'>Od.</span> <span class='ocrx_word' id='word_1_79' title='bbox 853 1055 895 1090; x_wconf 80' lang='grc' dir='ltr'>μ.</span> <span class='ocrx_word' id='word_1_80' title='bbox 926 1039 1025 1082; x_wconf 85' lang='grc'>318.</span> <span class='ocrx_word' id='word_1_81' title='bbox 1065 1035 1175 1080; x_wconf 71' lang='grc' dir='ltr'><em>ἔνθα</em></span> <span class='ocrx_word' id='word_1_82' title='bbox 1206 1031 1350 1080; x_wconf 72' lang='grc' dir='ltr'><em>δ’ἔσαν</em></span> <span class='ocrx_word' id='word_1_83' title='bbox 1381 1039 1577 1096; x_wconf 80' lang='grc' dir='ltr'><em>νυμφέων</em></span> <span class='ocrx_word' id='word_1_84' title='bbox 1607 1040 1732 1082; x_wconf 83' lang='grc' dir='ltr'><em>καλοὶ</em></span> <span class='ocrx_word' id='word_1_85' title='bbox 1762 1041 1879 1097; x_wconf 83' lang='grc' dir='ltr'><em>χοροὶ</em></span> 
     </span>
     <span class='ocr_line' id='line_1_13' title="bbox 265 1098 1883 1166; baseline 0.006 -20"><span class='ocrx_word' id='word_1_86' title='bbox 265 1098 340 1161; x_wconf 65' lang='grc' dir='ltr'>ἥδέ</span> <span class='ocrx_word' id='word_1_87' title='bbox 373 1101 553 1151; x_wconf 66' lang='grc' dir='ltr'><em>θόωκοι.</em></span> <span class='ocrx_word' id='word_1_88' title='bbox 602 1107 740 1151; x_wconf 90' lang='lat' dir='ltr'>Simili</span> <span class='ocrx_word' id='word_1_89' title='bbox 766 1110 933 1152; x_wconf 85' lang='lat' dir='ltr'>ratione</span> <span class='ocrx_word' id='word_1_90' title='bbox 956 1109 1038 1153; x_wconf 88' lang='lat' dir='ltr'>hoc</span> <span class='ocrx_word' id='word_1_91' title='bbox 1070 1110 1330 1153; x_wconf 86' lang='lat' dir='ltr'>vocabulum</span> <span class='ocrx_word' id='word_1_92' title='bbox 1365 1123 1389 1154; x_wconf 96' lang='lat' dir='ltr'>a</span> <span class='ocrx_word' id='word_1_93' title='bbox 1422 1113 1575 1155; x_wconf 90' lang='lat' dir='ltr'>ceteris</span> <span class='ocrx_word' id='word_1_94' title='bbox 1596 1112 1883 1166; x_wconf 89' lang='lat' dir='ltr'>scriptoribus</span> 
     </span>
     <span class='ocr_line' id='line_1_14' title="bbox 265 1170 1882 1237; baseline 0.004 -18"><span class='ocrx_word' id='word_1_95' title='bbox 265 1179 401 1231; x_wconf 86' lang='lat' dir='ltr'>epicis</span> <span class='ocrx_word' id='word_1_96' title='bbox 435 1181 502 1221; x_wconf 93' lang='lat' dir='ltr'>est</span> <span class='ocrx_word' id='word_1_97' title='bbox 534 1178 779 1221; x_wconf 91' lang='lat' dir='ltr'>adhibitum</span> <span class='ocrx_word' id='word_1_98' title='bbox 813 1178 881 1231; x_wconf 79' lang='lat' dir='ltr'>(cf,</span> <span class='ocrx_word' id='word_1_99' title='bbox 913 1178 1041 1223; x_wconf 92' lang='lat' dir='ltr'>Thes.</span> <span class='ocrx_word' id='word_1_100' title='bbox 1074 1179 1113 1222; x_wconf 87' lang='lat' dir='ltr'>L.</span> <span class='ocrx_word' id='word_1_101' title='bbox 1139 1180 1208 1223; x_wconf 89' lang='lat' dir='ltr'>Gr.</span> <span class='ocrx_word' id='word_1_102' title='bbox 1240 1181 1325 1224; x_wconf 90' lang='lat' dir='ltr'>vol.</span> <span class='ocrx_word' id='word_1_103' title='bbox 1359 1181 1456 1225; x_wconf 90' lang='lat' dir='ltr'>Vlll.</span> <span class='ocrx_word' id='word_1_104' title='bbox 1490 1192 1528 1235; x_wconf 94' lang='lat' dir='ltr'>p.</span> <span class='ocrx_word' id='word_1_105' title='bbox 1561 1170 1882 1237; x_wconf 78' lang='lat'>1596—1600).</span> 
     </span>
     <span class='ocr_line' id='line_1_15' title="bbox 262 1241 1882 1306; baseline 0.006 -19"><span class='ocrx_word' id='word_1_106' title='bbox 262 1241 446 1302; x_wconf 80' lang='grc' dir='ltr'><em>χόρευμα</em></span> <span class='ocrx_word' id='word_1_107' title='bbox 479 1250 520 1300; x_wconf 82' lang='lat' dir='ltr'>(i.</span> <span class='ocrx_word' id='word_1_108' title='bbox 546 1261 581 1292; x_wconf 94' lang='lat' dir='ltr'>e.</span> <span class='ocrx_word' id='word_1_109' title='bbox 616 1248 808 1303; x_wconf 89' lang='lat' dir='ltr'>saltatio)</span> <span class='ocrx_word' id='word_1_110' title='bbox 834 1253 934 1303; x_wconf 90' lang='lat' dir='ltr'>post</span> <span class='ocrx_word' id='word_1_111' title='bbox 958 1250 1173 1293; x_wconf 90' lang='lat' dir='ltr'>Pratinam</span> <span class='ocrx_word' id='word_1_112' title='bbox 1200 1253 1386 1305; x_wconf 89' lang='lat' dir='ltr'>primum</span> <span class='ocrx_word' id='word_1_113' title='bbox 1412 1253 1454 1295; x_wconf 90' lang='lat' dir='ltr'>in</span> <span class='ocrx_word' id='word_1_114' title='bbox 1479 1252 1697 1306; x_wconf 78' lang='lat' dir='ltr'>Euripidis</span> <span class='ocrx_word' id='word_1_115' title='bbox 1718 1252 1882 1296; x_wconf 80' lang='lat' dir='ltr'>fabulis</span> 
     </span>
     <span class='ocr_line' id='line_1_16' title="bbox 263 1314 1881 1379; baseline 0.001 -18"><span class='ocrx_word' id='word_1_116' title='bbox 263 1322 332 1362; x_wconf 79' lang='lat' dir='ltr'>est</span> <span class='ocrx_word' id='word_1_117' title='bbox 353 1319 574 1362; x_wconf 78' lang='lat' dir='ltr'>traditum.</span> <span class='ocrx_word' id='word_1_118' title='bbox 610 1319 767 1363; x_wconf 82' lang='lat' dir='ltr'>Phoen.</span> <span class='ocrx_word' id='word_1_119' title='bbox 799 1320 884 1363; x_wconf 90' lang='grc'>655</span> <span class='ocrx_word' id='word_1_120' title='bbox 919 1314 1107 1372; x_wconf 80' lang='grc' dir='ltr'><em>Βάκχιον</em></span> <span class='ocrx_word' id='word_1_121' title='bbox 1138 1315 1320 1375; x_wconf 77' lang='grc' dir='ltr'><strong><em>χόρευμα</em></strong></span> <span class='ocrx_word' id='word_1_122' title='bbox 1349 1319 1613 1377; x_wconf 69' lang='grc' dir='ltr'><em>παρθένοισι</em></span> <span class='ocrx_word' id='word_1_123' title='bbox 1647 1319 1881 1379; x_wconf 74' lang='grc' dir='ltr'><em>Θηβαΐαισι</em></span> 
     </span>
     <span class='ocr_line' id='line_1_17' title="bbox 264 1380 1884 1449; baseline 0.002 -21"><span class='ocrx_word' id='word_1_124' title='bbox 264 1388 337 1429; x_wconf 80' lang='grc' dir='ltr'>καὶ</span> <span class='ocrx_word' id='word_1_125' title='bbox 386 1389 570 1443; x_wconf 78' lang='grc' dir='ltr'><em>γυναιξὶν</em></span> <span class='ocrx_word' id='word_1_126' title='bbox 615 1380 769 1439; x_wconf 74' lang='grc' dir='ltr'><em>εὗίοιςς</em></span> <span class='ocrx_word' id='word_1_127' title='bbox 817 1389 966 1434; x_wconf 80' lang='lat' dir='ltr'>Bacch.</span> <span class='ocrx_word' id='word_1_128' title='bbox 1004 1391 1089 1434; x_wconf 83' lang='lat'>132</span> <span class='ocrx_word' id='word_1_129' title='bbox 1123 1404 1187 1447; x_wconf 88' lang='lat' dir='ltr'>sq.</span> <span class='ocrx_word' id='word_1_130' title='bbox 1235 1389 1279 1441; x_wconf 75' lang='grc' dir='ltr'>ἐς</span> <span class='ocrx_word' id='word_1_131' title='bbox 1325 1389 1373 1432; x_wconf 77' lang='grc' dir='ltr'>δὲ</span> <span class='ocrx_word' id='word_1_132' title='bbox 1417 1385 1655 1447; x_wconf 65' lang='grc' dir='ltr'><em>χορεύματα</em></span> <span class='ocrx_word' id='word_1_133' title='bbox 1691 1390 1884 1449; x_wconf 63' lang='grc' dir='ltr'><em>συνῆψαν</em></span> 
     </span>
     <span class='ocr_line' id='line_1_18' title="bbox 263 1453 1884 1518; baseline 0.003 -19"><span class='ocrx_word' id='word_1_134' title='bbox 263 1455 556 1515; x_wconf 74' lang='grc' dir='ltr'><em>τριετηρίόων;</em></span> <span class='ocrx_word' id='word_1_135' title='bbox 578 1460 636 1504; x_wconf 79' lang='grc' dir='ltr'>ΕΙ.</span> <span class='ocrx_word' id='word_1_136' title='bbox 658 1460 744 1503; x_wconf 89' lang='grc'>874</span> <span class='ocrx_word' id='word_1_137' title='bbox 768 1474 831 1516; x_wconf 83' lang='lat' dir='ltr'>sq.</span> <span class='ocrx_word' id='word_1_138' title='bbox 853 1454 902 1501; x_wconf 82' lang='grc' dir='ltr'>τὸ</span> <span class='ocrx_word' id='word_1_139' title='bbox 926 1453 1173 1516; x_wconf 76' lang='grc' dir='ltr'><em>δ’ἆμέτερον</em></span> <span class='ocrx_word' id='word_1_140' title='bbox 1195 1455 1431 1518; x_wconf 81' lang='grc' dir='ltr'><em>χωρήσεται</em></span> <span class='ocrx_word' id='word_1_141' title='bbox 1457 1456 1681 1504; x_wconf 68' lang='lat' dir='ltr'>Mei-oozam</span> <span class='ocrx_word' id='word_1_142' title='bbox 1701 1457 1884 1518; x_wconf 77' lang='grc' dir='ltr'><em>χόρευμα</em></span> 
     </span>
     <span class='ocr_line' id='line_1_19' title="bbox 264 1526 1881 1588; baseline 0.005 -18"><span class='ocrx_word' id='word_1_143' title='bbox 264 1526 402 1585; x_wconf 82' lang='grc' dir='ltr'><em>φίλον.</em></span> <span class='ocrx_word' id='word_1_144' title='bbox 456 1530 583 1584; x_wconf 77' lang='lat' dir='ltr'>Apud</span> <span class='ocrx_word' id='word_1_145' title='bbox 617 1534 784 1574; x_wconf 90' lang='lat' dir='ltr'>ceteros</span> <span class='ocrx_word' id='word_1_146' title='bbox 816 1533 1006 1587; x_wconf 87' lang='lat' dir='ltr'>tragicos</span> <span class='ocrx_word' id='word_1_147' title='bbox 1041 1535 1193 1586; x_wconf 92' lang='lat' dir='ltr'>poetas</span> <span class='ocrx_word' id='word_1_148' title='bbox 1221 1533 1333 1576; x_wconf 92' lang='lat' dir='ltr'>hanc</span> <span class='ocrx_word' id='word_1_149' title='bbox 1365 1546 1517 1577; x_wconf 89' lang='lat' dir='ltr'>vocem</span> <span class='ocrx_word' id='word_1_150' title='bbox 1551 1546 1638 1578; x_wconf 91' lang='lat' dir='ltr'>non</span> <span class='ocrx_word' id='word_1_151' title='bbox 1671 1535 1881 1588; x_wconf 89' lang='lat' dir='ltr'>reperies;</span> 
     </span>
     <span class='ocr_line' id='line_1_20' title="bbox 263 1602 1882 1658; baseline 0.002 -14"><span class='ocrx_word' id='word_1_152' title='bbox 263 1603 394 1644; x_wconf 89' lang='lat' dir='ltr'>etiam</span> <span class='ocrx_word' id='word_1_153' title='bbox 421 1605 522 1655; x_wconf 92' lang='lat' dir='ltr'>post</span> <span class='ocrx_word' id='word_1_154' title='bbox 542 1603 732 1656; x_wconf 89' lang='lat' dir='ltr'>tragicos</span> <span class='ocrx_word' id='word_1_155' title='bbox 757 1603 980 1645; x_wconf 90' lang='lat' dir='ltr'>rarissime</span> <span class='ocrx_word' id='word_1_156' title='bbox 1004 1607 1071 1646; x_wconf 91' lang='lat' dir='ltr'>est</span> <span class='ocrx_word' id='word_1_157' title='bbox 1093 1602 1302 1646; x_wconf 91' lang='lat' dir='ltr'>adhibita.</span> <span class='ocrx_word' id='word_1_158' title='bbox 1341 1602 1467 1658; x_wconf 71' lang='lat' dir='ltr'>Apud</span> <span class='ocrx_word' id='word_1_159' title='bbox 1492 1608 1645 1658; x_wconf 92' lang='lat' dir='ltr'>poetas</span> <span class='ocrx_word' id='word_1_160' title='bbox 1669 1604 1882 1648; x_wconf 89' lang='lat' dir='ltr'>iambicos</span> 
     </span>
     <span class='ocr_line' id='line_1_21' title="bbox 263 1666 1881 1730; baseline 0 -15"><span class='ocrx_word' id='word_1_161' title='bbox 263 1675 305 1715; x_wconf 89' lang='lat' dir='ltr'>et</span> <span class='ocrx_word' id='word_1_162' title='bbox 327 1672 544 1728; x_wconf 88' lang='lat' dir='ltr'>elegiacos</span> <span class='ocrx_word' id='word_1_163' title='bbox 565 1666 690 1727; x_wconf 83' lang='grc' dir='ltr'><em>χορός</em></span> <span class='ocrx_word' id='word_1_164' title='bbox 710 1676 879 1715; x_wconf 91' lang='lat' dir='ltr'>tantum</span> <span class='ocrx_word' id='word_1_165' title='bbox 905 1676 1063 1716; x_wconf 88' lang='lat' dir='ltr'>exstat:</span> <span class='ocrx_word' id='word_1_166' title='bbox 1095 1673 1287 1728; x_wconf 85' lang='lat' dir='ltr'>Theogn.</span> <span class='ocrx_word' id='word_1_167' title='bbox 1316 1674 1402 1717; x_wconf 88' lang='grc'>779</span> <span class='ocrx_word' id='word_1_168' title='bbox 1433 1667 1688 1729; x_wconf 78' lang='grc' dir='ltr'><em>τερπόμενοι</em></span> <span class='ocrx_word' id='word_1_169' title='bbox 1719 1668 1881 1730; x_wconf 70' lang='grc' dir='ltr'><em>κιθάρῃ</em></span> 
     </span>
     <span class='ocr_line' id='line_1_22' title="bbox 262 1733 1882 1800; baseline 0.002 -18"><span class='ocrx_word' id='word_1_170' title='bbox 262 1733 403 1798; x_wconf 62' lang='grc' dir='ltr'>(τ’ῆὸ’)</span> <span class='ocrx_word' id='word_1_171' title='bbox 438 1740 563 1798; x_wconf 73' lang='grc' dir='ltr'><em>ἐρατῇ</em></span> <span class='ocrx_word' id='word_1_172' title='bbox 595 1739 730 1798; x_wconf 69' lang='grc' dir='ltr'><em>θαλίῃ</em></span> <span class='ocrx_word' id='word_1_173' title='bbox 763 1736 959 1783; x_wconf 75' lang='grc' dir='ltr'><em>παιάνων</em></span> <span class='ocrx_word' id='word_1_174' title='bbox 988 1757 1033 1783; x_wconf 82' lang='grc' dir='ltr'>τε</span> <span class='ocrx_word' id='word_1_175' title='bbox 1059 1745 1202 1797; x_wconf 83' lang='grc' dir='ltr'><em>χοροῖς</em></span> <span class='ocrx_word' id='word_1_176' title='bbox 1231 1740 1377 1800; x_wconf 76' lang='grc' dir='ltr'><em>ιάχῇσί</em></span> <span class='ocrx_word' id='word_1_177' title='bbox 1407 1757 1453 1784; x_wconf 81' lang='grc' dir='ltr'>τε</span> <span class='ocrx_word' id='word_1_178' title='bbox 1477 1737 1552 1785; x_wconf 84' lang='grc' dir='ltr'>σὸν</span> <span class='ocrx_word' id='word_1_179' title='bbox 1583 1742 1683 1800; x_wconf 81' lang='grc' dir='ltr'><em>περὶ</em></span> <span class='ocrx_word' id='word_1_180' title='bbox 1713 1738 1882 1798; x_wconf 83' lang='grc' dir='ltr'><em>βωμὸν;</em></span> 
     </span>
     <span class='ocr_line' id='line_1_23' title="bbox 263 1812 1879 1870; baseline 0.002 -15"><span class='ocrx_word' id='word_1_181' title='bbox 263 1812 367 1856; x_wconf 88' lang='lat' dir='ltr'>Sim.</span> <span class='ocrx_word' id='word_1_182' title='bbox 413 1813 547 1856; x_wconf 86' lang='lat' dir='ltr'>Theb.</span> <span class='ocrx_word' id='word_1_183' title='bbox 595 1814 640 1865; x_wconf 84' lang='lat'>1,</span> <span class='ocrx_word' id='word_1_184' title='bbox 689 1814 738 1862; x_wconf 85' lang='lat'>1;</span> <span class='ocrx_word' id='word_1_185' title='bbox 783 1812 936 1856; x_wconf 90' lang='lat' dir='ltr'>Critias</span> <span class='ocrx_word' id='word_1_186' title='bbox 984 1813 1023 1865; x_wconf 91' lang='lat'>7,</span> <span class='ocrx_word' id='word_1_187' title='bbox 1054 1815 1081 1857; x_wconf 88' lang='lat'>8</span> <span class='ocrx_word' id='word_1_188' title='bbox 1127 1814 1256 1868; x_wconf 88' lang='lat' dir='ltr'>alios;</span> <span class='ocrx_word' id='word_1_189' title='bbox 1309 1814 1496 1858; x_wconf 87' lang='lat' dir='ltr'>Timoth.</span> <span class='ocrx_word' id='word_1_190' title='bbox 1531 1814 1644 1859; x_wconf 90' lang='lat' dir='ltr'>Pers.</span> <span class='ocrx_word' id='word_1_191' title='bbox 1676 1814 1879 1870; x_wconf 78' lang='lat' dir='ltr'>(Wilam.)</span> 
     </span>
     <span class='ocr_line' id='line_1_24' title="bbox 262 1876 1880 1940; baseline 0.004 -18"><span class='ocrx_word' id='word_1_192' title='bbox 262 1876 515 1938; x_wconf 53' lang='grc' dir='ltr'><em>ιῗψικρότοις</em></span> <span class='ocrx_word' id='word_1_193' title='bbox 556 1880 771 1936; x_wconf 81' lang='grc' dir='ltr'><em>χορείαις;</em></span> <span class='ocrx_word' id='word_1_194' title='bbox 818 1883 1015 1940; x_wconf 78' lang='lat' dir='ltr'>Bacchyl.</span> <span class='ocrx_word' id='word_1_195' title='bbox 1055 1883 1215 1939; x_wconf 78' lang='lat' dir='ltr'>(BlaSS)</span> <span class='ocrx_word' id='word_1_196' title='bbox 1258 1885 1326 1937; x_wconf 83' lang='lat'>16,</span> <span class='ocrx_word' id='word_1_197' title='bbox 1368 1884 1453 1928; x_wconf 87' lang='lat'>107</span> <span class='ocrx_word' id='word_1_198' title='bbox 1489 1878 1614 1939; x_wconf 83' lang='grc' dir='ltr'><em>χορός</em></span> <span class='ocrx_word' id='word_1_199' title='bbox 1653 1884 1880 1940; x_wconf 74' lang='lat' dir='ltr'>(saepius).</span> 
     </span>
    </p>
   </div>
   <div class='ocr_carea' id='block_1_3' title="bbox 875 2008 1331 2058">
    <p class='ocr_par' dir='ltr' id='par_1_7' title="bbox 875 2008 1331 2058">
     <span class='ocr_line' id='line_1_25' title="bbox 875 2008 1331 2058; baseline 0.004 -3"><span class='ocrx_word' id='word_1_200' title='bbox 875 2013 914 2058; x_wconf 85' lang='lat'>2.</span> <span class='ocrx_word' id='word_1_201' title='bbox 962 2012 1271 2057; x_wconf 78' lang='lat' dir='ltr'>Adiectiva.</span> <span class='ocrx_word' id='word_1_202' title='bbox 1327 2008 1331 2011; x_wconf 69' lang='grc'><strong>’</strong></span> 
     </span>
    </p>
   </div>
   <div class='ocr_carea' id='block_1_4' title="bbox 259 2085 1879 2643">
    <p class='ocr_par' dir='ltr' id='par_1_8' title="bbox 379 2085 962 2151">
     <span class='ocr_line' id='line_1_26' title="bbox 379 2085 962 2151; baseline 0.009 -16"><span class='ocrx_word' id='word_1_203' title='bbox 379 2085 624 2151; x_wconf 66' lang='grc' dir='ltr'><em>ἄσκαφος</em></span> <span class='ocrx_word' id='word_1_204' title='bbox 656 2095 783 2150; x_wconf 83' lang='lat' dir='ltr'>(Prat.</span> <span class='ocrx_word' id='word_1_205' title='bbox 818 2096 875 2148; x_wconf 87' lang='lat' dir='ltr'>Ill,</span> <span class='ocrx_word' id='word_1_206' title='bbox 907 2095 962 2149; x_wconf 89' lang='lat'>1.)</span> 
     </span>
    </p>

    <p class='ocr_par' dir='ltr' id='par_1_9' title="bbox 259 2165 1879 2431">
     <span class='ocr_line' id='line_1_27' title="bbox 382 2165 1879 2220; baseline 0.003 -13"><span class='ocrx_word' id='word_1_207' title='bbox 382 2165 552 2209; x_wconf 85' lang='lat' dir='ltr'>Praeter</span> <span class='ocrx_word' id='word_1_208' title='bbox 585 2166 800 2209; x_wconf 89' lang='lat' dir='ltr'>Pratinam</span> <span class='ocrx_word' id='word_1_209' title='bbox 834 2167 950 2220; x_wconf 92' lang='lat' dir='ltr'>apud</span> <span class='ocrx_word' id='word_1_210' title='bbox 985 2165 1244 2210; x_wconf 88' lang='lat' dir='ltr'>Strabonem</span> <span class='ocrx_word' id='word_1_211' title='bbox 1278 2171 1320 2210; x_wconf 92' lang='lat' dir='ltr'>et</span> <span class='ocrx_word' id='word_1_212' title='bbox 1352 2166 1567 2211; x_wconf 87' lang='lat' dir='ltr'>Pollucem</span> <span class='ocrx_word' id='word_1_213' title='bbox 1608 2170 1777 2211; x_wconf 88' lang='lat' dir='ltr'>tantum</span> <span class='ocrx_word' id='word_1_214' title='bbox 1812 2170 1879 2211; x_wconf 90' lang='lat' dir='ltr'>est</span> 
     </span>
     <span class='ocr_line' id='line_1_28' title="bbox 262 2227 1878 2293; baseline 0.001 -16"><span class='ocrx_word' id='word_1_215' title='bbox 262 2239 432 2278; x_wconf 88' lang='lat' dir='ltr'>servata</span> <span class='ocrx_word' id='word_1_216' title='bbox 467 2236 572 2279; x_wconf 91' lang='lat' dir='ltr'>haec</span> <span class='ocrx_word' id='word_1_217' title='bbox 604 2249 699 2280; x_wconf 87' lang='lat' dir='ltr'>vox.</span> <span class='ocrx_word' id='word_1_218' title='bbox 732 2235 888 2280; x_wconf 89' lang='lat' dir='ltr'>Strabo</span> <span class='ocrx_word' id='word_1_219' title='bbox 921 2236 988 2287; x_wconf 79' lang='lat'>11,</span> <span class='ocrx_word' id='word_1_220' title='bbox 1023 2248 1061 2291; x_wconf 91' lang='lat' dir='ltr'>p.</span> <span class='ocrx_word' id='word_1_221' title='bbox 1094 2237 1180 2280; x_wconf 85' lang='lat'>502</span> <span class='ocrx_word' id='word_1_222' title='bbox 1204 2227 1421 2293; x_wconf 76' lang='grc' dir='ltr'><em>Ἄσκαφοι</em></span> <span class='ocrx_word' id='word_1_223' title='bbox 1451 2227 1641 2289; x_wconf 68' lang='grc' dir='ltr'><em>ἄμπελοι</em></span> <span class='ocrx_word' id='word_1_224' title='bbox 1673 2234 1878 2289; x_wconf 72' lang='grc' dir='ltr'><em>μένοωαι</em></span> 
     </span>
     <span class='ocr_line' id='line_1_29' title="bbox 260 2297 1876 2363; baseline 0.001 -17"><span class='ocrx_word' id='word_1_225' title='bbox 260 2300 334 2346; x_wconf 71' lang='grc' dir='ltr'><em>διὰ</em></span> <span class='ocrx_word' id='word_1_226' title='bbox 365 2304 535 2355; x_wconf 74' lang='grc' dir='ltr'><em>τέλουςς</em></span> <span class='ocrx_word' id='word_1_227' title='bbox 578 2306 726 2350; x_wconf 85' lang='lat' dir='ltr'>Pollux</span> <span class='ocrx_word' id='word_1_228' title='bbox 759 2307 783 2359; x_wconf 83' lang='grc' dir='ltr'>Ι,</span> <span class='ocrx_word' id='word_1_229' title='bbox 816 2307 902 2350; x_wconf 83' lang='grc'>246</span> <span class='ocrx_word' id='word_1_230' title='bbox 934 2304 1010 2347; x_wconf 75' lang='grc' dir='ltr'>ἐπὶ</span> <span class='ocrx_word' id='word_1_231' title='bbox 1042 2303 1196 2360; x_wconf 88' lang='grc' dir='ltr'><em>χωριόυ</em></span> <span class='ocrx_word' id='word_1_232' title='bbox 1226 2298 1485 2363; x_wconf 68' lang='grc' dir='ltr'><em>ἠιιελημένου</em></span> <span class='ocrx_word' id='word_1_233' title='bbox 1519 2309 1640 2361; x_wconf 80' lang='lat' dir='ltr'>ponit</span> <span class='ocrx_word' id='word_1_234' title='bbox 1670 2297 1876 2360; x_wconf 58' lang='grc' dir='ltr'><em>ἄσπορον,</em></span> 
     </span>
     <span class='ocr_line' id='line_1_30' title="bbox 259 2368 474 2431; baseline 0 -15"><span class='ocrx_word' id='word_1_235' title='bbox 259 2368 474 2431; x_wconf 65' lang='grc' dir='ltr'><em>ἄσκαφον.</em></span> 
     </span>
    </p>

    <p class='ocr_par' dir='ltr' id='par_1_10' title="bbox 379 2440 990 2502">
     <span class='ocr_line' id='line_1_31' title="bbox 379 2440 990 2502; baseline 0.008 -16"><span class='ocrx_word' id='word_1_236' title='bbox 379 2440 682 2496; x_wconf 80' lang='grc' dir='ltr'><em>Διονυσιάς</em></span> <span class='ocrx_word' id='word_1_237' title='bbox 713 2447 842 2500; x_wconf 73' lang='lat' dir='ltr'>(Prat.</span> <span class='ocrx_word' id='word_1_238' title='bbox 875 2447 899 2499; x_wconf 85' lang='lat' dir='ltr'>l,</span> <span class='ocrx_word' id='word_1_239' title='bbox 931 2447 990 2502; x_wconf 83' lang='lat'>2.)</span> 
     </span>
    </p>

    <p class='ocr_par' dir='ltr' id='par_1_11' title="bbox 259 2515 1876 2643">
     <span class='ocr_line' id='line_1_32' title="bbox 379 2515 1876 2567; baseline 0.001 -8"><span class='ocrx_word' id='word_1_240' title='bbox 379 2515 489 2560; x_wconf 77' lang='lat' dir='ltr'>Ante</span> <span class='ocrx_word' id='word_1_241' title='bbox 513 2517 728 2560; x_wconf 90' lang='lat' dir='ltr'>Pratinam</span> <span class='ocrx_word' id='word_1_242' title='bbox 764 2517 846 2561; x_wconf 92' lang='lat' dir='ltr'>hoc</span> <span class='ocrx_word' id='word_1_243' title='bbox 878 2530 1038 2561; x_wconf 92' lang='lat' dir='ltr'>nomen</span> <span class='ocrx_word' id='word_1_244' title='bbox 1071 2521 1241 2561; x_wconf 85' lang='lat' dir='ltr'>exstare</span> <span class='ocrx_word' id='word_1_245' title='bbox 1275 2530 1362 2561; x_wconf 92' lang='lat' dir='ltr'>non</span> <span class='ocrx_word' id='word_1_246' title='bbox 1395 2517 1576 2561; x_wconf 87' lang='lat' dir='ltr'>videtur.</span> <span class='ocrx_word' id='word_1_247' title='bbox 1623 2517 1876 2567; x_wconf 82' lang='lat' dir='ltr'>Videamus,</span> 
     </span>
     <span class='ocr_line' id='line_1_33' title="bbox 259 2587 1876 2643; baseline 0.001 -14"><span class='ocrx_word' id='word_1_248' title='bbox 259 2599 348 2642; x_wconf 93' lang='lat' dir='ltr'>quo</span> <span class='ocrx_word' id='word_1_249' title='bbox 399 2587 530 2630; x_wconf 92' lang='lat' dir='ltr'>modo</span> <span class='ocrx_word' id='word_1_250' title='bbox 576 2587 680 2631; x_wconf 93' lang='lat' dir='ltr'>haec</span> <span class='ocrx_word' id='word_1_251' title='bbox 729 2588 985 2643; x_wconf 89' lang='lat' dir='ltr'>similesque</span> <span class='ocrx_word' id='word_1_252' title='bbox 1033 2600 1164 2631; x_wconf 91' lang='lat' dir='ltr'>voces</span> <span class='ocrx_word' id='word_1_253' title='bbox 1207 2589 1296 2630; x_wconf 89' lang='lat' dir='ltr'>sint</span> <span class='ocrx_word' id='word_1_254' title='bbox 1337 2591 1584 2641; x_wconf 90' lang='lat' dir='ltr'>usurpatae.</span> <span class='ocrx_word' id='word_1_255' title='bbox 1655 2588 1699 2631; x_wconf 95' lang='lat' dir='ltr'>ln</span> <span class='ocrx_word' id='word_1_256' title='bbox 1747 2600 1876 2631; x_wconf 90' lang='lat' dir='ltr'>carm.</span> 
     </span>
    </p>
   </div>
   <div class='ocr_carea' id='block_1_5' title="bbox 259 2715 1878 2993">
    <p class='ocr_par' dir='ltr' id='par_1_12' title="bbox 259 2715 1878 2993">
     <span class='ocr_line' id='line_1_34' title="bbox 377 2715 1878 2759; baseline 0.001 -10"><span class='ocrx_word' id='word_1_257' title='bbox 377 2716 405 2759; x_wconf 90' lang='lat'>¹)</span> <span class='ocrx_word' id='word_1_258' title='bbox 449 2715 521 2750; x_wconf 90' lang='lat' dir='ltr'>lam</span> <span class='ocrx_word' id='word_1_259' title='bbox 559 2716 593 2749; x_wconf 90' lang='lat' dir='ltr'>in</span> <span class='ocrx_word' id='word_1_260' title='bbox 642 2716 756 2759; x_wconf 87' lang='lat' dir='ltr'>epicis</span> <span class='ocrx_word' id='word_1_261' title='bbox 805 2716 1029 2750; x_wconf 91' lang='lat' dir='ltr'>carminibus</span> <span class='ocrx_word' id='word_1_262' title='bbox 1083 2716 1231 2750; x_wconf 90' lang='lat' dir='ltr'>nomina</span> <span class='ocrx_word' id='word_1_263' title='bbox 1283 2716 1531 2758; x_wconf 88' lang='lat' dir='ltr'>inveniuntur,</span> <span class='ocrx_word' id='word_1_264' title='bbox 1581 2725 1674 2759; x_wconf 88' lang='lat' dir='ltr'>quae</span> <span class='ocrx_word' id='word_1_265' title='bbox 1718 2715 1755 2750; x_wconf 92' lang='lat' dir='ltr'>in</span> <span class='ocrx_word' id='word_1_266' title='bbox 1798 2726 1878 2756; x_wconf 81' lang='grc' dir='ltr'><em>-της</em></span> 
     </span>
     <span class='ocr_line' id='line_1_35' title="bbox 259 2773 1875 2817; baseline 0.001 -10"><span class='ocrx_word' id='word_1_267' title='bbox 259 2776 406 2807; x_wconf 84' lang='lat' dir='ltr'>exeunt.</span> <span class='ocrx_word' id='word_1_268' title='bbox 467 2773 556 2807; x_wconf 81' lang='lat' dir='ltr'>Puse</span> <span class='ocrx_word' id='word_1_269' title='bbox 590 2774 633 2807; x_wconf 90' lang='lat' dir='ltr'>de</span> <span class='ocrx_word' id='word_1_270' title='bbox 671 2773 739 2808; x_wconf 92' lang='lat' dir='ltr'>hac</span> <span class='ocrx_word' id='word_1_271' title='bbox 773 2784 808 2808; x_wconf 89' lang='lat' dir='ltr'>re</span> <span class='ocrx_word' id='word_1_272' title='bbox 842 2775 992 2817; x_wconf 88' lang='lat' dir='ltr'>scripsit</span> <span class='ocrx_word' id='word_1_273' title='bbox 1027 2773 1135 2808; x_wconf 80' lang='lat' dir='ltr'>Ernst</span> <span class='ocrx_word' id='word_1_274' title='bbox 1171 2773 1354 2816; x_wconf 79' lang='lat' dir='ltr'>Fraenkel,</span> <span class='ocrx_word' id='word_1_275' title='bbox 1389 2773 1610 2809; x_wconf 86' lang='lat' dir='ltr'>Geschichte</span> <span class='ocrx_word' id='word_1_276' title='bbox 1643 2773 1707 2808; x_wconf 88' lang='lat' dir='ltr'>der</span> <span class='ocrx_word' id='word_1_277' title='bbox 1738 2773 1875 2817; x_wconf 83' lang='lat' dir='ltr'>griech.</span> 
     </span>
     <span class='ocr_line' id='line_1_36' title="bbox 261 2831 1876 2877; baseline -0.001 -11"><span class='ocrx_word' id='word_1_278' title='bbox 261 2832 414 2867; x_wconf 81' lang='lat' dir='ltr'>Nomina</span> <span class='ocrx_word' id='word_1_279' title='bbox 443 2833 587 2876; x_wconf 89' lang='lat' dir='ltr'>agentis</span> <span class='ocrx_word' id='word_1_280' title='bbox 615 2831 678 2866; x_wconf 73' lang='lat' dir='ltr'>auf</span> <span class='ocrx_word' id='word_1_281' title='bbox 702 2852 748 2856; x_wconf 92' lang='lat'><strong>—</strong></span> <span class='ocrx_word' id='word_1_282' title='bbox 772 2844 839 2876; x_wconf 80' lang='grc' dir='ltr'>τηρ</span> <span class='ocrx_word' id='word_1_283' title='bbox 868 2852 908 2857; x_wconf 90' lang='grc'>-</span> <span class='ocrx_word' id='word_1_284' title='bbox 935 2845 1008 2876; x_wconf 80' lang='grc' dir='ltr'>τωρ</span> <span class='ocrx_word' id='word_1_285' title='bbox 1034 2852 1077 2857; x_wconf 89' lang='grc'>-</span> <span class='ocrx_word' id='word_1_286' title='bbox 1103 2845 1174 2874; x_wconf 77' lang='grc' dir='ltr'>της,</span> <span class='ocrx_word' id='word_1_287' title='bbox 1216 2832 1436 2877; x_wconf 85' lang='lat' dir='ltr'>Strassburg</span> <span class='ocrx_word' id='word_1_288' title='bbox 1462 2833 1563 2875; x_wconf 85' lang='lat'>1910,</span> <span class='ocrx_word' id='word_1_289' title='bbox 1602 2842 1637 2876; x_wconf 90' lang='lat' dir='ltr'>p.</span> <span class='ocrx_word' id='word_1_290' title='bbox 1663 2831 1740 2867; x_wconf 89' lang='lat'>18-</span> <span class='ocrx_word' id='word_1_291' title='bbox 1756 2831 1812 2866; x_wconf 84' lang='lat'>64.</span> <span class='ocrx_word' id='word_1_292' title='bbox 1831 2850 1876 2856; x_wconf 90' lang='lat'><strong>—</strong></span> 
     </span>
     <span class='ocr_line' id='line_1_37' title="bbox 260 2890 1874 2935; baseline -0.001 -10"><span class='ocrx_word' id='word_1_293' title='bbox 260 2890 309 2925; x_wconf 88' lang='lat' dir='ltr'>De</span> <span class='ocrx_word' id='word_1_294' title='bbox 337 2890 531 2925; x_wconf 87' lang='lat' dir='ltr'>vocabulis</span> <span class='ocrx_word' id='word_1_295' title='bbox 567 2891 603 2924; x_wconf 91' lang='lat' dir='ltr'>in</span> <span class='ocrx_word' id='word_1_296' title='bbox 629 2902 708 2932; x_wconf 75' lang='grc' dir='ltr'><em>-της</em></span> <span class='ocrx_word' id='word_1_297' title='bbox 734 2891 953 2925; x_wconf 88' lang='lat' dir='ltr'>cadentibus</span> <span class='ocrx_word' id='word_1_298' title='bbox 991 2891 1036 2925; x_wconf 79' lang='lat' dir='ltr'>cf.</span> <span class='ocrx_word' id='word_1_299' title='bbox 1066 2891 1100 2926; x_wconf 91' lang='lat' dir='ltr'>P.</span> <span class='ocrx_word' id='word_1_300' title='bbox 1128 2891 1271 2935; x_wconf 76' lang='lat' dir='ltr'>Menge,</span> <span class='ocrx_word' id='word_1_301' title='bbox 1309 2891 1356 2926; x_wconf 90' lang='lat' dir='ltr'>De</span> <span class='ocrx_word' id='word_1_302' title='bbox 1384 2894 1577 2934; x_wconf 89' lang='lat' dir='ltr'>poetarum</span> <span class='ocrx_word' id='word_1_303' title='bbox 1620 2891 1874 2925; x_wconf 85' lang='lat' dir='ltr'>scaenicorum</span> 
     </span>
     <span class='ocr_line' id='line_1_38' title="bbox 259 2948 1686 2993; baseline -0.001 -10"><span class='ocrx_word' id='word_1_304' title='bbox 259 2948 483 2984; x_wconf 85' lang='lat' dir='ltr'>Graecorum</span> <span class='ocrx_word' id='word_1_305' title='bbox 511 2959 679 2984; x_wconf 91' lang='lat' dir='ltr'>sermone</span> <span class='ocrx_word' id='word_1_306' title='bbox 707 2950 992 2984; x_wconf 87' lang='lat' dir='ltr'>observationes</span> <span class='ocrx_word' id='word_1_307' title='bbox 1020 2950 1188 2992; x_wconf 87' lang='lat' dir='ltr'>selectae,</span> <span class='ocrx_word' id='word_1_308' title='bbox 1216 2949 1317 2984; x_wconf 78' lang='lat' dir='ltr'>Gott.</span> <span class='ocrx_word' id='word_1_309' title='bbox 1345 2950 1446 2992; x_wconf 88' lang='lat'>1905,</span> <span class='ocrx_word' id='word_1_310' title='bbox 1473 2959 1508 2993; x_wconf 90' lang='lat' dir='ltr'>p.</span> <span class='ocrx_word' id='word_1_311' title='bbox 1534 2949 1580 2984; x_wconf 89' lang='lat'>78</span> <span class='ocrx_word' id='word_1_312' title='bbox 1606 2959 1686 2993; x_wconf 88' lang='lat' dir='ltr'>sqq.</span> 
     </span>
    </p>
   </div>
  </div>
 </body>
</html>
