1994 3236
791 233 838 237 -,,
906 209 963 250 59
1034 234 1079 237 --

56 367 58 369 .
116 338 165 371 re
195 325 302 371 illud
335 329 404 370 est
433 325 754 381 explicandum,
778 326 895 381 quod
929 325 1191 374 fabularum,
1224 340 1335 381 quas
1370 328 1543 382 reliquit
1576 322 1605 367 ν’
1642 329 1684 382 (i.
1717 342 1750 371 e.

50 407 62 455 J
116 397 458 454 quinquaginta)
488 389 554 448 λβ’
589 398 632 449 (i.
665 408 699 439 e.
732 398 909 452 triginta
943 396 1049 448 duo)
1083 403 1205 440 erant
1237 397 1433 440 dramata
1468 401 1705 453 satyrica.¹›

237 466 380 524 Atque
423 466 508 511 hoc
548 468 700 522 poesis
740 479 883 522 genus
925 467 1036 510 adeo
1070 467 1307 522 perfecisse
1341 468 1523 520 videtur,
1571 472 1618 512 ut
1652 469 1739 512 Pra-

115 540 239 584 tinae
267 537 518 583 fabularum
552 539 839 594 satyricarum
873 538 1060 582 formam
1095 542 1249 593 poetae
1278 541 1542 583 recentiores
1566 541 1751 594 posthac

118 612 419 666 sequerentur.
480 607 594 664 (Qua
647 610 689 652 in
744 621 788 652 re
840 622 997 653 omnes
1051 623 1089 653 ν.
1142 610 1181 652 d.
1223 612 1472 653 consentire
1525 610 1749 654 videntur:

118 680 172 725 cf.
203 679 410 734 Welcker,
451 680 476 724 1.
509 680 533 724 l.
566 693 604 736 p.
637 680 725 723 276
758 693 875 736 sqq.;
925 679 1021 724 Levi
1057 681 1079 723 l.
1114 680 1137 724 l.
1172 693 1209 735 p.
1242 681 1357 734 222.)
1422 680 1562 736 Atque
1602 694 1650 724 ea
1685 687 1752 724 est

47 784 55 790 .
119 763 267 806 causa,
298 751 418 809 quod
453 751 540 796 illis
573 751 682 795 locis
715 750 891 803 Suidae,
925 751 1214 802 Ps.-Acronis‚
1257 751 1383 794 Anth.
1419 751 1637 795 Palatinae
1671 753 1752 804 Vll,

51 836 53 838 ·
115 822 198 877 37;
228 822 315 867 707
347 821 546 867 Pratinas
577 821 754 866 fabulas
788 823 1003 877 satyricas
1038 824 1264 866 invenisse
1297 822 1466 866 dicitur.
1511 822 1618 865 Nam
1655 836 1750 866 mos

51 944 53 946 ,
113 897 212 954 erat
242 893 474 938 hominum
506 894 804 949 antiquorum,
837 897 884 936 ut
918 895 970 945 is,
1004 895 1078 949 qui
1113 895 1264 948 poesis
1297 894 1475 949 aliquod
1509 907 1650 949 genus
1685 894 1750 937 vel

62 965 65 967 ’
116 967 255 1009 artem
287 964 481 1021 aliquam
514 965 714 1008 cuiusvis
757 966 933 1020 generis
968 963 1158 1020 perfecit,
1192 966 1394 1008 inventor
1425 957 1627 1020 (εὑρετής)
1660 978 1752 1007 car-

59 1085 61 1089 ,
118 1037 288 1080 minum
322 1034 442 1080 illius
473 1036 649 1091 generis
681 1035 749 1079 vel
773 1036 890 1078 »artis
922 1035 1224 1090 appellaretur.
1270 1034 1341 1079 Sic
1372 1035 1672 1088 Archilochus,
1706 1040 1752 1079 ut

117 1118 258 1152 unum
292 1106 448 1151 saltem
482 1105 731 1162 exemplum
766 1105 961 1158 afferam,
1004 1108 1206 1150 inventor
1244 1107 1367 1150 metri
1403 1106 1576 1150 iambici
1610 1106 1752 1150 fuisse

53 1174 70 1203 “³
116 1177 290 1232 dicitur,
335 1189 605 1235 quamquam
650 1177 844 1221 iambum
892 1190 978 1221 non
1022 1179 1247 1221 invenisse
1289 1177 1405 1221 hunc
1438 1182 1625 1233 poetam,
1673 1178 1751 1221 sed

118 1249 416 1294 clarissimum
465 1247 599 1292 huius
645 1251 834 1304 generis,
888 1252 934 1291 ut
983 1251 1041 1291 ita
1089 1248 1245 1297 dicam,
1298 1249 1562 1292 excultorem
1610 1249 1751 1292 fuisse

50 1339 54 1343 ·
119 1322 307 1366 constat.
314 1317 344 1376 2)

238 1389 366 1442 Quod
399 1389 598 1435 Pratinas
637 1391 776 1434 multo
817 1390 965 1446 plures
997 1390 1173 1434 fabulas
1207 1393 1421 1446 satyricas
1455 1403 1585 1446 quam
1619 1392 1753 1446 tragi—

42 1474 46 1475 ’
118 1474 196 1507 cas
242 1457 384 1515 finxit,
430 1460 518 1506 illis
563 1461 841 1518 temporibus
889 1462 1091 1505 exeuntis
1142 1461 1303 1505 saeculi
1354 1463 1463 1505 sexti
1511 1461 1576 1504 vel
1611 1463 1750 1517 quinti

48 1575 51 1578 ,
115 1533 316 1579 ‘ineuntis
346 1532 675 1589 tetralogiarum
710 1533 1033 1576 institutionem
1063 1533 1261 1576 nondum
1284 1532 1426 1576 fuisse
1449 1536 1565 1576 certo
1589 1545 1753 1586 cogno-

118 1605 340 1658 scimusssl
382 1602 476 1655 Qua
499 1603 555 1648 de
577 1617 622 1648 re
655 1605 794 1648 multo
827 1606 1033 1648 certiores
1065 1603 1288 1656 fieremus,
1322 1605 1358 1647 si
1384 1616 1592 1647 numeros
1624 1603 1753 1646 fabu—

118 1677 259 1742 larum
301 1674 553 1732 Thespidis,
606 1675 852 1731 Phrynichi,
904 1673 1089 1719 Choerili
1138 1677 1377 1733 sciremus*
1428 1674 1512 1719 Sed
1562 1674 1615 1718 de
1664 1687 1753 1718 uno

118 1745 322 1792 Choerilo
365 1749 435 1791 est
474 1746 684 1790 traditum
727 1746 844 1801 apud
888 1745 1071 1790 Suidam
1115 1759 1150 1790 s.
1185 1760 1222 1790 v.
1262 1759 1360 1789 eum
1407 1750 1580 1789 centum
1627 1758 1753 1789 sexa—

43 1872 46 1877 ·
115 1819 243 1876 ginta
287 1817 464 1863 fabulas
512 1818 782 1863 condidisse.
844 1817 971 1861 Hunc
1018 1821 1164 1861 autem
1215 1829 1446 1860 numerum
1492 1817 1618 1860 valde
1652 1829 1753 1859 sus-

120 1890 341 1951 piciosum
373 1901 476 1934 esse
508 1895 700 1945 apparet.

239 1985 267 2026 1)
294 1983 443 2019 Boeckh
469 1985 600 2019 mirum
628 1993 711 2018 esse
738 1963 907 2027 putabat,
948 1982 1050 2026 quod
1088 1983 1241 2026 triginta
1270 1981 1364 2016 duae
1392 1980 1539 2016 tabulae
1567 1982 1753 2025 satyricae

119 2044 374 2086 nominantur,
410 2053 494 2079 cum
529 2042 787 2086 duodeviginti
815 2046 961 2076 tantum
989 2041 1205 2085 tragoediae
1233 2040 1451 2076 afferantur.
1503 2039 1581 2080 Qua
1611 2050 1646 2074 re
1674 2050 1738 2083 per

121 2105 247 2140 motus
287 2103 448 2138 mutavit
481 2099 536 2147 &3¹
573 2103 608 2136 in
644 2099 693 2145 ιβ’
718 2103 756 2143 (i.
784 2112 814 2136 e.
843 2101 1073 2144 duodecim);
1115 2096 1215 2144 quod
1253 2110 1336 2134 esse
1373 2099 1598 2134 reiciendum
1625 2110 1668 2134 ex
1697 2100 1753 2141 iis,

44 2187 45 2190 =
120 2171 216 2208 quae
254 2171 367 2207 supra
406 2161 494 2205 dixi,
533 2165 700 2206 apparet.
740 2180 780 2185 —
825 2160 864 2198 Κ.
897 2160 950 2195 Fr.
985 2160 1171 2195 Hermann
1212 2160 1499 2194 incertissimam
1539 2159 1752 2202 opinionem

118 2221 211 2266 (Das
237 2220 480 2267 Satyrdrama
507 2221 573 2256 des
594 2220 776 2263 Pratinas,
803 2219 892 2255 Phil.
919 2219 959 2254 lll
979 2219 1112 2263 (1848),
1139 2228 1174 2263 p.
1192 2219 1261 2254 507
1289 2219 1396 2263 sqq.)‚
1424 2218 1484 2262 qui
1514 2227 1580 2261 pro
1600 2227 1753 2252 numero

119 2281 393 2328 quinquaginta
425 2280 516 2326 legit
550 2281 678 2316 nescio
712 2290 784 2325 qua
822 2290 858 2315 re
894 2282 1086 2323 permotus
1124 2278 1377 2322 „sexaginta“.
1415 2277 1583 2321 neglego.
1636 2276 1753 2311 Etiam

119 2339 298 2384 welcker,
323 2340 346 2376 l.
371 2339 395 2375 l.
421 2349 456 2385 p.
483 2339 554 2375 280
579 2339 623 2374 de
653 2339 892 2384 „sexaginta“
921 2338 1059 2374 fabulis
1086 2337 1255 2372 Pratinae
1283 2337 1384 2371 dicit.

239 2400 268 2443 ⁸)
295 2398 473 2436 Similiter
497 2397 658 2444 Gorgias
692 2394 891 2443 σχημάτων
924 2392 1066 2443 εὑρετής
1098 2396 1243 2439 dicitur,
1276 2406 1370 2440 quae
1398 2396 1469 2430 iam
1499 2395 1616 2430 multo
1644 2400 1753 2430 antea

116 2459 159 2500 in
197 2469 268 2495 usu
305 2457 423 2495 fuisse
461 2459 584 2503 poetis
623 2458 774 2493 scimus.
845 2458 893 2492 De
945 2457 1171 2492 heurematis
1227 2455 1272 2491 ci.
1316 2454 1427 2490 Mart.
1468 2454 1665 2496 Kremmer,
1707 2455 1754 2489 De

121 2518 308 2564 catalogis
350 2517 619 2554 heurematum.
669 2517 764 2552 Diss.
817 2517 900 2561 Lpz.
928 2517 1032 2551 1890.
1073 2535 1111 2540 -
1157 2515 1237 2557 Leo,
1270 2515 1428 2549 Plautin.
1481 2513 1754 2557 Porschungen.

122 2577 243 2614 norun
270 2577 374 2621 1895,
405 2586 440 2622 p.
467 2577 547 2613 136.

53 2681 61 2694 Ἃ
240 2638 268 2680 ⁸)
292 2636 483 2672 Wecklein
511 2630 622 2680 (Uber
647 2637 727 2671 eine
755 2635 914 2679 Trilogie
946 2635 1010 2669 des
1039 2632 1246 2678 Aeschylus
1282 2632 1356 2667 und
1394 2632 1484 2667 tiber
1511 2632 1568 2666 die
1595 2631 1754 2675 Trilogie

61 2699 64 2702 ’
122 2695 343 2742 flberhaupt.
395 2695 610 2740 sitzungsb.
649 2695 684 2731 d.
721 2695 824 2739 bayr.
847 2693 973 2729 Acad.
1010 2693 1044 2727 d.
1071 2693 1180 2727 Wiss.
1210 2691 1311 2727 1891.
1364 2691 1452 2726 Phil.
1493 2691 1577 2726 hist.
1614 2690 1755 2731 Klasse,

122 2764 158 2800 p.
199 2754 406 2799 327-385)
446 2758 526 2790 mea
569 2755 718 2799 quidem
761 2754 946 2788 sententia
991 2757 1088 2787 recte
1132 2752 1225 2786 dixit
1269 2760 1303 2795 p.
1345 2751 1413 2786 377
1457 2754 1624 2795 apertum
1673 2759 1754 2783 esse

124 2839 157 2859 ,.
182 2839 192 2850 .
219 2841 228 2850 .
254 2813 344 2850 dass
370 2813 429 2849 die
446 2813 656 2858 Tetralogie
681 2814 762 2848 eine
781 2811 1025 2856 Einrichtung
1051 2811 1117 2846 des
1134 2810 1271 2846 ‹Jahres
1297 2810 1366 2845 472
1394 2810 1453 2852 ist,
1481 2810 1571 2845 oder
1593 2819 1756 2854 genauer

43 2891 61 2931 ⁴¹
121 2863 268 2919 gesagt.
306 2883 374 2909 aus
413 2872 484 2908 den
523 2871 894 2917 organisatorischen
925 2870 1228 2914 Bestimmungen
1265 2869 1505 2914 hervorging,
1543 2868 1680 2904 welche
1719 2869 1755 2901 in

50 2939 55 2942 ’
124 2931 196 2968 den
221 2933 407 2978 siebziger
429 2931 570 2968 ‹Jahren
598 2931 664 2966 des
690 2933 722 2966 5.
749 2929 1026 2966 ‹Jahrhunderts
1054 2929 1124 2964 den
1151 2928 1366 2972 tragischen
1392 2927 1497 2972 Agon
1526 2927 1590 2962 der
1615 2926 1754 2971 grossen

46 3000 64 3037 ³,
121 2991 330 3037 Dionysien
358 2991 574 3027 ordneten“.
