1994 3236
986 239 1030 243 -,
1099 216 1153 257 12
1221 240 1266 244 -

375 330 530 372 Athen.
555 330 638 377 XV.
663 343 702 385 p.
737 332 824 374 636
859 331 900 373 Β.
944 331 1016 370 καὶ.
1052 328 1204 381 Φίλλις
1235 323 1274 373 δ’
1319 326 1327 340 ‘
1356 326 1518 388 Δήλιος
1550 330 1593 372 ἐν
1614 331 1794 389 δευτέρῳ
1831 332 1934 388 περὶ

463 414 672 457 μοι-σικιός
705 434 713 442 .
749 434 756 442 .
795 435 802 443 .
839 434 846 442 .

377 472 536 515 Suidas
571 485 603 515 S.
637 486 673 515 V.
708 466 903 513 οκολιόν.·
935 470 1006 513 καὶ
1043 470 1194 523 Φίλλις
1226 465 1248 513 ὁ
1278 462 1499 526 μουσικός..
1911 525 1915 529 ¹

435 542 472 595 c)
506 542 719 586 Venimus
742 543 795 585 ad
829 545 1082 586 testimonia
1106 556 1217 599 quae
1241 544 1370 588 nobis
1395 548 1498 588 sunt
1520 545 1676 589 tradita
1699 547 1742 589 in
1774 545 1934 600 libello,

311 615 388 668 ‚qui
425 612 675 656 inscribitur
707 612 804 666 περὶ
837 611 1055 669 μουσικῆς,
1089 613 1172 656 sub
1206 613 1417 657 Plutarchi
1453 617 1630 659 nomine
1660 614 1872 670 tradito.¹)

434 682 534 738 Cap.
568 683 635 726 Vll
670 686 820 727 auctor
852 683 905 727 de
937 686 1079 738 poetis
1112 685 1309 728 auleticis
1343 685 1493 728 scribit
1525 686 1651 729 haec:

433 744 553 794 Ἐπεὶ
601 751 649 794 δὲ
694 746 792 803 τοὺς
839 744 1101 809 αὗλῳὸικοῖᾱς
1146 748 1298 808 νόμους
1340 753 1412 795 καὶ
1461 749 1783 811 κιθαρῳδικοὺς
1826 748 1934 810 ὃμοῖ)

317 818 412 873 τοῖς
433 814 632 879 ἇρχαίους
655 820 1019 881 ἐμπεφανίκαμεν,
1053 819 1393 881 Λιιεταβησόμεῦοι
1415 823 1491 866 ἐπὶ
1512 819 1667 879 μόνους
1686 819 1784 876 τοὺς
1805 817 1929 884 αὔλη-

319 887 470 944 moi-g.
535 892 731 949 Λέγεται
776 888 854 950 γὰρ
898 888 971 935 τὸν
1017 893 1321 952 προειρημένον
1340 886 1562 949 Ὄλυμπον
1607 887 1786 953 αὐλητὴν
1830 886 1933 938 ὅντα

317 962 397 1004 τῶν
429 962 477 1005 ἑκ
511 961 699 1019 Φρυγίας
729 962 913 1021 ποιῆσαι
944 958 1072 1019 νόμον
1102 956 1325 1022 αι’-λητικὸν
1361 961 1423 1015 εἷς
1456 957 1702 1007 Ἀπόλλωνα
1740 959 1813 1008 τὸν
1851 981 1931 1008 κα-

312 1028 514 1087 λούμενον
537 1033 860 1092 Πολυκέφαλον.
894 1028 1000 1076 εἶναι
1026 1033 1074 1076 δὲ
1094 1029 1167 1076 τὸν
1183 1026 1399 1088 Ὄλυμπον
1419 1029 1567 1077 τοῦτόν
1598 1049 1732 1092 φασιν
1753 1033 1826 1078 ἕνα
1846 1034 1931 1078 τῶν

312 1097 404 1145 ἀπὸ
448 1102 525 1146 τοῦ
569 1099 745 1160 πρώτου
775 1096 988 1158 Ὀλύμπου
1019 1103 1092 1147 τοῖ
1141 1099 1344 1159 Μαρσύου
1389 1100 1684 1163 πεποιηκότος
1727 1102 1790 1158 εἷς
1833 1100 1932 1163 τοὺς

316 1169 444 1225 θεοὺς
496 1169 594 1225 τοὺς
634 1169 798 1229 νόμους.
842 1163 964 1225 οὗτος
1003 1169 1080 1231 γὰρ
1122 1170 1309 1217 παιδικὰ
1351 1170 1569 1231 γενόμενος
1608 1169 1819 1233 Μαρσύου
1854 1175 1928 1218 καὶ

311 1242 386 1301 τὴν
432 1236 607 1302 αῗλησιν
650 1240 810 1299 μαθὼν
855 1237 960 1301 παρ’
1008 1239 1135 1287 αἰτοῖ·
1188 1240 1284 1296 τοὶ-ς
1338 1241 1490 1300 νόμους
1534 1240 1632 1297 τοὺς
1675 1239 1930 1303 ἁρμονικοὺς

309 1310 527 1372 Αἐξήνεγκεν
572 1313 634 1366 εἷς
679 1311 752 1374 τὴν
790 1309 982 1366 Ἑλλάδα,
1030 1310 1095 1367 οἷς
1140 1315 1210 1358 νῦν
1252 1314 1435 1369 χρῶνται
1469 1313 1508 1358 οἱ
1532 1309 1729 1374 (Έλληνες
1760 1315 1804 1359 ἐν
1833 1319 1931 1368 ταῖς

316 1383 482 1441 ἑορταῖς
522 1384 606 1427 τῶν
644 1385 759 1428 θεῶν
789 1423 798 1431 .
830 1378 953 1428 ἄλλοι
986 1384 1034 1428 δὲ
1066 1381 1288 1444 Κράτητος
1325 1381 1437 1428 εἷναί
1466 1400 1576 1445 φασι
1616 1381 1690 1429 τὸν
1731 1386 1929 1430 Πολυκέ-

313 1456 450 1512 φαλον
503 1451 628 1510 νόμον
684 1456 906 1512 γενομένου
946 1455 1148 1514 μαθητοῦ
1192 1449 1416 1511 Ὀλύμπου.
1496 1450 1518 1498 ὃ
1561 1455 1617 1499 δὲ
1657 1454 1934 1512 Πρατίνας

311 1518 332 1564 ³(
340 1522 527 1579 )7.·1'3117cov
558 1526 688 1583 φησιν
717 1521 823 1568 εἶναι
857 1526 932 1569 τοῦ
963 1525 1163 1582 νεωτέρου
1193 1521 1266 1568 τὸν
1296 1521 1425 1581 νόμον
1454 1526 1613 1569 τοῦτον.

430 1609 522 1653 Νοη
558 1613 625 1653 est
657 1612 803 1665 magni
838 1612 1046 1654 momenti
1081 1610 1150 1654 his
1184 1612 1226 1653 in
1259 1612 1526 1655 testimoniis
1559 1610 1830 1666 explicandis
1853 1623 1925 1655 ex-

312 1682 492 1735 quirere,
525 1683 668 1722 utrum
703 1680 876 1723 libellus
910 1679 1006 1732 περιῖ
1040 1677 1247 1736 μουσικῆς
1270 1682 1327 1724 sit
1350 1682 1624 1736 compositus
1647 1693 1671 1724 a
1696 1680 1924 1725 Plutarcho

312 1762 458 1793 necne.
523 1750 626 1792 lllud
671 1751 780 1792 inter
821 1752 938 1793 viros
971 1750 1126 1794 doctos
1159 1754 1360 1794 constare
1391 1750 1562 1795 videtur
1594 1750 1751 1794 librum
1784 1753 1926 1806 primo

312 1832 351 1873 p.
387 1817 479 1862 Chr.
512 1832 552 1862 n.
600 1819 775 1862 saeculo
823 1821 1118 1874 conscriptum
1167 1832 1278 1863 esse.
1349 1819 1434 1863 Nec
1480 1832 1568 1863 non
1616 1823 1812 1876 apertum
1857 1825 1927 1864 est

312 1889 406 1932 libri
456 1893 674 1933 auctorem
718 1902 901 1933 censura
944 1902 1031 1933 non
1071 1889 1267 1933 adhibita
1300 1903 1351 1933 ex
1381 1890 1594 1943 fontibus,
1640 1892 1713 1947 qui
1747 1893 1784 1935 ei
1818 1903 1923 1947 sup-

310 1959 575 2014 peditabant,
610 1960 827 2004 hausisse.
847 1961 877 2014 ²)

427 2030 567 2074 Huius
602 2031 731 2074 libelli
763 2035 927 2086 partem
963 2031 1063 2074 inde
1096 2044 1119 2074 a
1152 2033 1292 2086 capite
1324 2031 1381 2074 lll.
1419 2023 1464 2072 ‘O
1484 2029 1532 2072 δὲ
1554 2027 1731 2082 Λυσίας
1759 2024 1924 2074 ὖπολα-
1985 2072 1990 2083 ,

309 2095 408 2152 βιόν,
443 2097 562 2154 παρὰ
594 2100 775 2150 πολλοῖς
807 2098 886 2158 ἔφη
912 2134 919 2141 .
956 2134 963 2141 .
999 2134 1007 2141 .
1044 2134 1051 2141 .
1087 2114 1227 2157 usque
1259 2101 1312 2144 ad
1347 2105 1476 2156 caput
1495 2101 1558 2145 Xl.
1584 2101 1704 2156 (excl.
1728 2101 1767 2146 h.
1789 2115 1823 2148 c,
1843 2102 1924 2156 Xl.)

296 2161 520 2222 ’Όλυμπος
551 2170 611 2218 δέ,
646 2164 704 2221 ὦς
727 2162 1018 2225 Ἀριστόξενός
1049 2184 1179 2227 φησιν
1201 2203 1209 2211 .
1245 2203 1253 2211 .
1289 2203 1296 2211 .
1333 2203 1341 2211 .
1374 2174 1510 2215 totam
1535 2174 1795 2228 exscriptam
1819 2185 1920 2217 esse

308 2254 360 2284 ex
394 2254 482 2284 uno
514 2243 756 2297 eodemque
790 2243 979 2298 quodam
1020 2244 1229 2297 scriptore
1268 2254 1364 2285 cum
1399 2241 1721 2286 Weil-Reinach
1754 2246 1872 2298 puto.
1889 2244 1923 2296 ⁸)

308 2311 448 2365 Atque
481 2324 578 2354 cum
614 2314 654 2355 in
690 2314 829 2367 capite
860 2314 987 2355 tertio
1020 2313 1218 2367 legamus

823 2380 841 2388 m

365 2375 644 2437 ἹὲῙρακλείδης
667 2374 704 2421 ‹5‘
729 2379 772 2421 ἐν
792 2397 842 2437 τῃ
865 2380 1090 2438 Συναγωγῇ
1110 2379 1194 2422 τῶν
1216 2379 1256 2421 ἓν
1281 2379 1485 2438 ΖΙἸουσικῇ
1502 2413 1511 2422 .
1532 2413 1540 2422 .
1562 2413 1570 2422 .
1591 2413 1599 2421 .
1627 2394 1783 2438 φησιν.
1805 2414 1812 2422 .
1834 2413 1843 2422 .
1862 2415 1869 2423 .

308 2453 412 2506 quin
457 2455 497 2494 et
538 2452 659 2494 locus
702 2452 833 2495 libelli
876 2464 1007 2507 supra
1050 2453 1238 2506 scriptus
1280 2455 1321 2495 et
1362 2464 1553 2507 sequens
1586 2465 1638 2496 ex
1669 2451 1922 2495 fleraclidae

303 2521 418 2564 libro
451 2523 539 2564 sint
571 2523 817 2577 desumpti,‘
837 2522 1023 2565 dubitari
1056 2523 1217 2578 nequit.

426 2589 525 2645 Cap.
561 2591 621 2634 lX.
669 2581 774 2647 ἦσαν
817 2589 864 2632 δὲ
905 2587 942 2632 οἱ
983 2589 1081 2646 περὶ
1129 2584 1324 2632 Θαλίταν
1362 2604 1408 2631 τε
1447 2589 1520 2631 καὶ
1562 2585 1806 2645 Ξενόδαμον
1845 2589 1918 2632 καὶ

309 2654 559 2715 Ξενόκριτον
596 2660 774 2717 ποιηταὶ
813 2656 1029 2712 Παιάνιον,
1073 2657 1111 2702 οἱ
1153 2658 1201 2702 δὲ
1238 2658 1338 2715 περὶ
1373 2653 1678 2717 Πολύμνηστον
1715 2658 1800 2702 τῶν
1828 2651 1919 2716 Ὁρ-

427 2766 452 2807 ι)
479 2765 534 2799 Ps.
574 2765 754 2800 Plutarchi
803 2766 933 2800 librum
973 2766 1016 2800 de
1068 2766 1206 2800 musica
1257 2765 1313 2799 ed.
1360 2765 1401 2800 Η.
1440 2764 1660 2800 Weil-Th.
1697 2765 1918 2802 Reinach.

302 2823 406 2858 Paris
435 2823 535 2858 1900.

425 2882 452 2922 ἱ2)
477 2882 522 2916 cf.
550 2882 833 2925 Weil-Reinach,
865 2883 885 2917 l.
912 2883 933 2917 l.
961 2893 994 2927 p.
1023 2882 1077 2924 lV,
1105 2883 1144 2916 V.

424 2942 450 2983 3)
478 2941 522 2975 cf.
549 2941 830 2983 Weil-Reinach‚
859 2942 879 2976 l.
906 2942 928 2976 l.
956 2951 990 2985 p.
1017 2941 1073 2981 Vl,
1099 2941 1169 2975 Vll.
