1994 3236
380 329 544 376 Simon.
578 331 663 375 166
696 331 829 387 [224J.
861 345 971 376 vers.
1006 334 1086 376 inc.

474 402 646 454 Φοῖβον,
681 391 727 451 ὃς
758 394 925 457 ἁγεῖται
960 402 1102 458 <τοῖς>
1146 400 1452 460 Ἰὐνδαρίδῃσιν
1483 395 1644 462 ἀοιδῆς,

467 466 665 526 ἁμέτεροι
696 469 885 527 τέττιγες
917 469 1216 522 ἐπεστέψαντο
1246 471 1429 530 χορωνῷ.

377 541 579 587 Phoebus
606 542 774 597 Apollo,
806 545 878 598 qui
913 543 1092 587 chorum
1126 544 1445 598 moderabatur,
1477 557 1501 589 a
1534 545 1653 590 chori
1685 549 1882 592 cantori-

258 611 341 655 bus
362 636 414 640 —
434 614 505 667 qui
541 612 713 656 cicadae
747 615 1029 657 nominantur
1053 639 1086 643 w
1120 616 1293 658 coronis
1326 619 1507 659 ornatus
1541 629 1640 660 esse
1663 621 1879 663 narratur„

378 680 436 725 Cf.
469 695 643 726 versum
677 683 853 727 Theocr.
888 683 911 735 l,
944 684 1049 726 148:

467 751 660 807 τέττιγος
692 749 789 793 ἐπεὶ
820 746 926 807 τὺγα
957 751 1158 809 φέρτερον
1189 744 1317 809 ᾄδεις.

374 822 469 878 Pag.
502 823 530 866 9
569 823 606 866 h.
640 836 794 867 comm.
829 824 1177 867 demonstratum
1217 828 1285 868 est
1316 825 1524 870 Athenaei
1567 826 1664 870 libri
1705 831 1876 881 partem

255 905 365 947 quae
398 896 465 936 est
497 906 520 936 a
545 904 582 947 p.
605 894 690 937 632
722 893 755 936 A
788 907 929 949 usque
961 894 1014 936 ad
1045 894 1240 938 Pratinae
1274 895 1415 938 locum
1450 895 1657 940 haustam
1686 910 1787 941 esse
1819 911 1875 941 ex

255 962 364 1006 libro
412 963 601 1018 quodam
636 963 882 1007 Aristoxeni
933 963 985 1007 de
1034 966 1213 1008 musica.
1280 966 1424 1021 ltaque
1472 966 1732 1014 concludere
1772 967 1880 1012 licet

254 1033 336 1076 hoc
361 1033 556 1076 Pratinae
587 1033 881 1088 fragmentum
916 1037 1080 1087 partem
1114 1034 1254 1079 fuisse
1287 1035 1404 1091 lyrici
1439 1038 1657 1080 carminis.
1683 1036 1880 1089 Accedit,

253 1103 369 1158 quod
419 1102 500 1146 hoc
548 1102 756 1147 Athenaei
807 1104 901 1148 loco
950 1104 1196 1159 complures
1240 1109 1393 1159 poetae
1436 1106 1554 1162 lyrici
1588 1109 1880 1152 nominantur

253 1173 368 1227 (Pag.
401 1173 486 1216 632
520 1173 571 1227 D)
623 1174 929 1228 Xenophanes,
978 1174 1126 1228 Solon,
1172 1174 1406 1231 Theognis,
1453 1176 1723 1232 phocylides,
1755 1177 1877 1221 Peri-

256 1243 401 1287 ander.
463 1243 541 1287 llic
573 1257 748 1299 quoque
780 1257 935 1288 versus
978 1244 1031 1288 ad
1067 1247 1280 1288 musicam
1312 1250 1492 1300 spectat.
1562 1246 1702 1304 Atque
1737 1250 1878 1302 perti-

251 1327 351 1357 nere
385 1326 482 1356 eum
517 1314 570 1357 ad
619 1318 835 1358 certamen
885 1314 988 1358 illud
1033 1317 1264 1369 musicum,
1311 1318 1436 1359 cuius
1470 1316 1874 1361 luculentissimum-

249 1386 551 1427 testimonium
595 1388 663 1428 est
704 1385 807 1428 illud
842 1385 1136 1440 hyporchema
1178 1389 1317 1429 totum
1362 1390 1595 1440 servatum,
1633 1389 1874 1432 verisimile

250 1453 355 1496 mihi
395 1454 576 1498 videtur.
640 1455 806 1498 Etenim
850 1454 931 1498 hoc
975 1468 1149 1511 quoque
1191 1456 1552 1500 versu-Pratinas
1581 1461 1756 1501 cantum
1792 1457 1870 1501 La-

250 1526 449 1567 conicum
484 1525 642 1567 laudat.
705 1524 837 1568 Aliter
870 1539 937 1569 res
971 1539 1019 1569 se
1052 1525 1183 1569 habet
1217 1529 1258 1569 in
1291 1526 1537 1582 fragmento
1570 1528 1874 1581 praecedente..

249 1594 306 1637 lbi
342 1598 469 1648 poeta
503 1608 643 1651 neque
677 1608 834 1638 novam
872 1596 1057 1639 lonicam
1092 1609 1233 1652 neque
1266 1597 1476 1647 Doricam,
1523 1589 1600 1641 sed
1634 1597 1875 1652 Aeolicam,

250 1666 273 1706 i.
308 1678 341 1708 e.
376 1665 687 1720 hypodoricam
723 1665 995 1710 harmoniam
1030 1666 1235 1710 laudibus
1268 1667 1391 1710 tollit.

366 1734 555 1779 Omnino
590 1737 719 1790 igitur
751 1736 984 1779 dicendum
1019 1740 1086 1780 est
1110 1736 1324 1780 Pratinam
1354 1750 1492 1781 novas
1517 1740 1710 1782 musicae
1733 1741 1862 1783 ratio-v

247 1817 325 1848 nes
359 1807 594 1859 sprevisse,
626 1808 849 1862 antiquam
885 1809 1098 1850 musicam
1131 1809 1363 1851 amavisse.

364 1875 620 1932 Priusquam
669 1877 722 1920 de
755 1876 923 1920 Pratina
968 1881 1094 1930 poeta
1138 1880 1326 1933 satyrico
1368 1882 1409 1921 et
1449 1880 1613 1934 tragico
1652 1879 1868 1923 nonnulla

247 1946 529 1998 proferemus,
578 1948 862 2002 inquiramus,
910 1960 1020 2003 quae
1069 1960 1120 1990 ex
1161 1950 1429 1992 testimoniis
1477 1961 1500 1992 a
1543 1948 1870 1994 Ps.-Plutarcho

244 2016 387 2059 allatis
421 2016 474 2059 de
507 2016 677 2059 Pratina
711 2030 978 2072 cognoscere
1012 2020 1250 2071 possimus.

361 2086 478 2129 Satis
531 2097 663 2140 supra
716 2091 783 2130 est
835 2087 1185 2131 demonstratum
1238 2088 1483 2143 fragmenta
1515 2088 1711 2133 Pratinae
1743 2090 1865 2144 apud

242 2155 395 2200 Athen.
428 2160 610 2209 servata,
663 2157 824 2212 quibus
879 2162 1006 2211 poeta
1053 2158 1106 2201 de
1155 2160 1323 2202 musica
1370 2158 1436 2202 vel
1479 2158 1533 2202 de
1574 2162 1703 2203 cantu
1745 2159 1867 2213 dicit,

243 2226 399 2281 lyricae
447 2239 546 2270 esse
590 2227 879 2270 adscribenda
925 2230 1059 2281 poesi.
1123 2228 1269 2283 ltaque
1303 2241 1398 2271 mea
1431 2228 1607 2284 quidem
1642 2231 1867 2273 sententia

243 2298 326 2339 iam
377 2309 400 2339 a
448 2298 588 2351 primo
635 2301 831 2350 apertum
881 2310 980 2340 esse
1022 2298 1192 2340 videtur
1233 2300 1362 2341 etiarn
1404 2299 1656 2342 testimonia
1701 2299 1771 2343 illa
1803 2300 1863 2342 ad.

242 2366 456 2409 Pratinam
502 2369 771 2420 pertinentia,
809 2367 972 2422 quibus
1005 2368 1161 2410 dicitur
1195 2371 1367 2421 poetam
1401 2368 1455 2411 de
1487 2370 1629 2422 poetis
1662 2369 1727 2412 vel
1762 2382 1866 2412 mu-

242 2438 346 2479 sicis
385 2439 578 2492 antiquis
621 2438 881 2487 narravisse,
923 2437 1168 2480 reducenda
1208 2451 1307 2481 esse
1349 2438 1402 2481 ad
1437 2441 1626 2482 carmina
1661 2439 1863 2482 Pratinae

242 2506 404 2549 melica.
429 2507 614 2559 Accedit,
638 2507 754 2562 quod
779 2509 927 2550 omnia
952 2509 1206 2551 testimonia
1238 2520 1375 2563 aeque
1402 2521 1451 2551 ac
1472 2508 1716 2563 fragmenta
1738 2509 1855 2562 apud

240 2575 509 2619 Athenaeum
545 2581 715 2620 servata
748 2578 800 2620 ad
837 2579 1029 2620 musicae
1069 2578 1166 2621 illos
1201 2580 1447 2632 scriptores,
1479 2578 1784 2622 Aristoxenum
1815 2582 1866 2622 et.

238 2646 520 2699 Heraclidem,
553 2647 798 2691 reducenda
832 2652 946 2691 sunt.

358 2717 392 2758 1.
440 2716 505 2760 Ps.
547 2717 756 2760 Plutarch.
821 2718 879 2761 De
927 2720 1094 2763 musica
1145 2730 1235 2772 cap.
1274 2719 1342 2761 Vll
1419 2722 1562 2762 narrat
1619 2718 1859 2775 Olympum·

233 2788 445 2837 >maiorem
467 2799 645 2830 nomum
667 2788 1040 2843 polycephalum1)
1060 2790 1302 2839 invenisse;
1329 2789 1443 2832 hunc
1460 2792 1605 2832 autem
1618 2788 1854 2844 Olympum

357 2893 380 2930 ¹)
410 2891 510 2926 Unde
539 2891 597 2926 hic
616 2902 749 2926 nomus
769 2892 1038 2936 polycephalus
1057 2903 1189 2928 nomen
1211 2893 1390 2935 habuerit,
1417 2894 1606 2937 exquirere
1625 2903 1700 2927 non
1719 2902 1862 2936 possu—

237 2961 328 2983 mus.
380 2950 500 2984 Schol.
528 2950 626 2983 Pind.
654 2950 760 2993 Pyth.
789 2951 855 2991 Xll,
886 2953 928 2985 15
956 2962 1087 2985 nomen
1118 2956 1304 2994 sumptum
1344 2962 1424 2986 esse
1451 2962 1470 2985 a
1500 2951 1676 2986 Medusae
1703 2961 1861 2994 serpen-
