1994 3236
824 237 874 242 -
938 213 994 256 15
1063 237 1107 241 ---

145 327 239 372 illis
284 330 526 373 coniunxit.
588 328 715 379 Quod
765 334 929 374 rectum
979 343 1066 374 non
1116 335 1205 378 est;
1256 343 1356 374 nam
1391 332 1657 388 Aeschylum
1701 334 1784 376 alia

143 411 285 444 causa
318 403 590 444 commotum
615 402 658 444 in
683 399 876 444 Siciliam
911 413 1013 444 esse
1046 400 1289 456 profectum
1315 406 1490 446 constat
1522 403 1594 456 (cf.
1618 401 1784 447 Christ-

143 467 331 514 Schmid
360 469 385 514 Ι.
416 470 441 514 l.
473 483 513 526 p.
543 470 628 515 271
649 471 778 527 sqq).
842 470 930 515 Nec
962 484 1051 515 non
1085 474 1273 527 primum
1307 472 1526 517 theatrum
1562 474 1782 529 lapideum

143 538 334 584 Athenis
367 540 607 596 perfectum
652 554 765 595 esse,
806 554 904 585 cum
941 541 1162 598 Lycurgus
1203 547 1350 587 orator
1380 547 1548 588 aerario
1586 545 1784 602 praefuit¹

143 612 380 667 scimus.1)
1778 605 1781 608 ’

268 681 451 727 Suidam
485 696 538 727 ex
570 683 802 739 permultis
835 683 1037 728 fontibus
1072 684 1279 728 hausisse
1314 688 1467 729 notum
1502 690 1582 730 est.
1637 686 1783 742 ltaque

141 752 243 798 fieri
275 755 460 798 omnino
503 766 592 798 non
634 758 793 810 potest,
837 758 884 798 ut
924 754 1233 808 diiudicemus‚
1274 768 1362 812 quo
1401 769 1453 800 ex
1495 757 1633 800 lexico
1666 757 1783 801 hunc

146 823 346 869 Pratinae
377 825 521 870 locum
557 828 810 882 sumpserit.
825 827 857 879 2)
921 825 1079 870 Putant
1100 840 1140 870 v.
1164 826 1206 869 d.
1243 826 1511 883 Hesychium
1543 828 1778 872 lllustrium

143 893 318 940 fontem
365 895 521 947 fuisse,
567 897 622 940 ad
671 909 801 952 quem
837 895 1000 940 Suidae
1046 897 1127 940 loci
1177 899 1249 953 qui
1296 897 1517 942 literarum
1552 899 1780 943 historiam

146 968 352 1022 spectant
384 966 664 1011 reducuntur.

511 1072 564 1118 C.
612 1073 728 1119 Loci
761 1074 846 1129 qui
879 1073 1129 1119 Pratinam
1162 1075 1409 1130 spectant.

99 1219 102 1223 ¹
267 1167 463 1225 Denique
504 1168 637 1213 nobis
680 1173 786 1212 sunt
829 1172 990 1213 servati
1034 1170 1234 1213 nonnulli
1269 1170 1364 1223 loci,
1403 1172 1477 1226 qui
1511 1183 1779 1227 quamquam

138 1251 306 1283 nomen
342 1242 499 1295 poetae
541 1241 753 1296 scriptum
797 1241 981 1284 omnino
1022 1253 1111 1285 non
1154 1244 1234 1290 est,
1274 1244 1422 1285 tamen
1465 1241 1519 1285 ad
1561 1241 1777 1285 Pratinam

136 1313 257 1354 certe
289 1311 522 1366 pertinent.
1305 1327 1307 1330 ⁴

264 1382 307 1434 a)
353 1380 632 1425 Praemittam
683 1382 841 1435 locum,
889 1394 1019 1438 quem
1068 1395 1337 1438 quamquam
1389 1385 1533 1439 ipsius
1583 1384 1780 1428 Pratinae

143 1463 304 1496 nomen
340 1453 384 1495 in
417 1464 470 1496 eo
509 1451 654 1497 fuisse
694 1453 934 1497 verisimile
975 1466 1063 1498 non
1098 1457 1180 1507 est,
1218 1457 1366 1498 tamen
1401 1454 1631 1510 neglegere
1666 1455 1780 1504 nolo.

122 1523 476 1582 ⁴inscriptionem
501 1523 613 1577 dico,
646 1536 759 1580 quae
783 1524 972 1568 indicem
1002 1526 1216 1569 victorum
1241 1527 1506 1581 tragicorum
1531 1525 1778 1581 continet-2)

254 2101 349 2147 floc
381 2102 515 2148 modo
547 2103 749 2149 Wilhelm
792 2103 835 2147 id
879 2103 998 2160 quod
1032 2104 1221 2153 Koehler
1262 2110 1554 2161 proposuerat
1596 2109 1776 2150 secutus

133 2172 327 2218 indicem
370 2175 574 2218 restituit.
638 2173 733 2225 Qua
776 2176 819 2218 in
861 2174 1011 2219 tabula
1051 2175 1289 2220 reficienda
1329 2190 1370 2220 v.
1404 2177 1447 2220 d.
1490 2175 1648 2234 (Bergk
1686 2177 1776 2231 alii)

142 2241 366 2299 Πρατίνας
395 2256 474 2300 pro
497 2235 724 2301 Ἀριστίας
743 2245 934 2290 scribere
966 2245 1188 2299 volebant,
1221 2250 1266 2291 at
1297 2247 1502 2304 equidem
1537 2260 1636 2292 cum
1671 2262 1710 2292 v.
1736 2249 1776 2292 d.

135 2313 342 2359 Wilhelm
385 2315 518 2372 lapidi
567 2328 730 2361 nomen
764 2316 952 2361 Aristiae
986 2319 1174 2361 incisum
1208 2318 1352 2362 fuisse
1386 2322 1506 2375 puto.
1571 2318 1680 2363 Nam
1715 2321 1776 2363 la-

132 2384 239 2442 pide
270 2388 519 2431 accuratius
563 2389 765 2443 inspecto
806 2387 926 2432 brevi
970 2389 1279 2445 intellegemus
1323 2391 1509 2446 primam
1554 2403 1776 2447 quamque

133 2457 367 2501 nominum
411 2469 525 2514 quae
564 2460 704 2502 incisa
748 2463 866 2512 sunt,
907 2459 1075 2504 literam
1119 2460 1276 2504 eodem
1327 2463 1472 2517 spatio
1520 2474 1544 2505 a
1593 2463 1776 2506 sinistro

255 2564 280 2605 ²)
307 2562 354 2598 ci.
381 2561 544 2606 Schmid,
573 2563 790 2609 Philologus
816 2565 862 2599 47
887 2565 1023 2608 (1888),
1051 2575 1086 2611 p.
1110 2567 1181 2601 573
1207 2576 1287 2611 sqq.

253 2623 280 2664 ςΙ)
308 2621 359 2657 De
385 2621 520 2658 Suidae
546 2622 717 2658 fontibus
744 2623 790 2659 cf.
818 2623 913 2660 God.
941 2624 1122 2660 Bernha
1139 2625 1245 2670 rdy,
1280 2625 1329 2660 De
1364 2627 1567 2670 partitione
1595 2627 1773 2661 subsidiis

130 2681 425 2716 auctoritatibus
451 2680 587 2717 Suidae
613 2681 772 2718 lexicon.
800 2682 826 2718 ΙΙ
851 2694 883 2726 a,
912 2683 1015 2719 1853.
1035 2683 1400 2721 Commentationum
1428 2685 1472 2720 de
1492 2684 1627 2721 Suidae
1653 2685 1773 2721 lexico

130 2742 248 2784 eaput
273 2738 315 2775 ΙΙ.
338 2749 376 2784 p.
401 2739 700 2777 xxxvl—Lxln.
740 2742 781 2777 D.
807 2741 1030 2785 Volkmann,
1057 2743 1107 2778 De
1127 2742 1227 2778 Suid.
1255 2743 1524 2788 biographicis.
1545 2744 1649 2781 Bonn
1671 2745 1771 2780 1861.

131 2797 388 2842 wachsmuth,
415 2799 465 2836 De
490 2799 673 2843 fontibus,
698 2811 744 2836 ex
770 2801 908 2846 quibus
926 2801 1062 2838 Suidas
1089 2802 1266 2839 hauserit.
1298 2802 1479 2847 Symbola
1507 2803 1624 2840 Bonn.
1652 2804 1675 2839 l.
1692 2805 1772 2840 137.

133 2857 251 2901 Daub‚
279 2857 329 2893 De
356 2857 459 2894 Suid.
484 2859 816 2904 biographicorurn
844 2861 998 2906 origine.
1049 2860 1133 2905 Lps.
1158 2862 1262 2897 1880.

251 2915 278 2958 ⁸)
301 2915 345 2953 C.
377 2916 402 2954 l.
435 2916 477 2952 Α.
512 2917 567 2954 lli.
599 2919 670 2954 977
701 2929 734 2963 ³.-
777 2918 820 2955 A,
858 2919 1048 2963 wilhelm,
1084 2920 1283 2957 Urkunden
1327 2921 1485 2958 dramat.
1524 2921 1695 2958 Auifuhr.
1736 2924 1770 2957 in

131 2972 268 3011 Athen.
318 2975 423 3012 Wien
451 2977 555 3013 1906.
606 2987 695 3023 pgg.
722 2978 802 3021 101,
829 2979 909 3015 103.
