1994 3236
939 182 1222 224 -82-

268 310 309 352 p.
345 298 428 341 128
462 298 515 348 D;
564 298 649 341 148
683 298 735 352 Β;
782 298 867 341 784
901 299 945 342 D.
1009 298 1169 342 mirum
1203 302 1282 351 est,
1325 298 1441 354 quod
1485 292 1730 351 ἐπικώμιος
1769 298 1885 354 apud

269 367 501 411 Pindarum
550 371 719 411 tantum
769 372 836 412 est
882 369 1089 412 traditum
1139 368 1256 412 Nem.
1290 368 1389 421 Vlll,
1425 369 1506 420 50;
1562 368 1680 413 Nem.
1711 368 1887 422 V1‚37;

270 438 390 494 Pyth.
421 438 466 491 X,
499 439 536 482 6.

385 505 711 564 παλαίστρα
742 509 837 564 (frg.
870 508 935 564 V.)

386 579 575 622 Primum
624 583 726 635 post
757 579 961 623 Aristiam
1011 580 1126 635 apud
1161 579 1408 635 Euripidem
1457 583 1524 624 est
1566 580 1672 624 haec
1712 592 1798 624 vox
1829 579 1888 623 ΕΙ.

268 650 366 693 528.
435 650 478 693 ln
527 651 795 694 carminibus
844 651 958 694 hom.
1006 644 1250 699 παλαιστίς
1295 654 1464 694 tantum
1514 654 1582 694 est
1627 649 1888 694 adhibitum.

269 719 348 764 Od.
383 722 427 764 θ.
461 720 546 763 246
594 711 641 761 οὗ
672 714 891 775 πυγμάχοι
932 711 1029 762 οὐδὲ
1067 716 1321 761 παλαισταί.
1384 720 1702 776 Aristophanes
1744 722 1888 764 sexies

272 790 403 834 habet
436 787 694 845 παλαίστρα.
747 791 990 846 Lyricorum
1026 793 1171 835 inveni
1194 784 1271 831 τάν
1292 805 1336 831 τε
1361 785 1599 845 Κερκυόνος
1621 786 1892 846 παλαίστραν

271 857 388 912 ἔσχεν
420 861 616 917 Bacchyl.
650 860 810 916 (Blass)
842 861 960 915 XVlI,
992 862 1068 916 26;
1102 854 1453 917 παλαισμοσύνης
1483 861 1595 917 Tyrt.
1631 861 1750 914 10,2;
1800 875 1888 901 πα-

271 924 556 987 λαισμοσύνην
586 931 688 975 Xen.
720 932 759 985 2,
791 932 858 975 16.

387 998 771 1054 πευκαλέομαι
804 1002 900 1057 (frg.
935 1001 1034 1056 Vll.)

387 1071 498 1114 Alibi
535 1071 640 1114 haec
671 1084 757 1115 vox
789 1085 876 1115 non
911 1072 1077 1127 legitur.
1139 1072 1325 1128 Hesych.
1358 1070 1648 1113 πευκαλεῖται·
1702 1067 1890 1127 ξηραίνε-

270 1156 353 1182 ται.
403 1133 427 1197 ἢ
466 1132 559 1182 αντὶ
591 1139 666 1183 τοῦ
697 1139 895 1198 ζητεῖται.
922 1133 1146 1196 Λριστέας
1184 1134 1416 1198 (Ἀριστίας
1457 1144 1646 1186 restituit
1676 1139 1891 1259 Wagner).

387 1210 734 1267 μαζαγρέτας
766 1211 860 1268 (frg.
894 1212 968 1267 ΙΙΙ.)

391 1282 658 1338 Scriptorum
701 1283 985 1326 classicorum
1028 1284 1141 1327 allus
1185 1296 1273 1327 non
1314 1284 1543 1337 usurpavit
1584 1283 1666 1326 hoc
1713 1294 1888 1326 nomen.

275 1353 469 1397 Eustath.
503 1365 541 1408 p.
574 1353 700 1407 1752,
733 1353 789 1396 64
813 1366 878 1409 sq.
903 1346 1007 1394 ὅθεν
1028 1351 1102 1394 καὶ
1132 1351 1397 1410 μαζαγρέτης
1434 1345 1456 1394 ὃ
1487 1351 1562 1393 καὶ
1592 1343 1748 1402 ακολος
1779 1353 1822 1407 (i.
1855 1365 1890 1396 e.

274 1418 439 1480 τροφή).
510 1423 600 1466 Hac
651 1423 770 1467 verbi
825 1424 1112 1479 explicatione
1164 1422 1454 1468 Casaubonus
1506 1422 1732 1478 repudiata
1783 1422 1892 1465 dixit

273 1493 329 1548 (v.
362 1494 488 1538 Thes.
524 1493 563 1537 L.
604 1493 672 1537 Gr.
707 1507 740 1538 s,
779 1508 815 1538 v.
847 1491 1126 1550 μαζαγρέτης)
1161 1494 1289 1537 haec:
1328 1494 1626 1549 „Mazagretae
1657 1491 1892 1548 appellatio

274 1564 490 1619 duplicem
533 1564 666 1608 habet
697 1565 876 1608 vilitatis
911 1564 1302 1620 significationem:
1346 1577 1447 1608 nam
1481 1565 1522 1608 et
1553 1576 1720 1607 mazam
1753 1563 1892 1614 edere,

275 1648 362 1678 non
386 1647 556 1690 panem,
589 1637 857 1690 paupertatis
880 1637 1102 1690 specimen
1137 1638 1224 1678 est:
1259 1637 1354 1690 cogi
1382 1647 1483 1678 vero
1515 1646 1683 1677 mazam
1705 1624 1893 1688 ἀγρεύειν

275 1705 374 1759 (hoc
422 1706 712 1749 omittendum
756 1705 862 1760 erat)
902 1707 995 1749 sive
1035 1696 1228 1761 ἀγείρειν,
1275 1705 1391 1748 furto
1438 1708 1512 1748 aut
1558 1704 1892 1755 mendicatione,

275 1789 375 1819 nam
424 1779 608 1831 utroque
655 1776 787 1820 modo
835 1778 992 1831 exponi
1041 1779 1197 1831 potest,
1246 1777 1537 1819 miserrimum
1585 1774 1689 1818 est.“
1769 1773 1891 1817 Hanc

275 1847 622 1905 explicationem?
649 1859 798 1890 verum
841 1848 1062 1890 continere
1103 1849 1222 1902 puto.
1286 1844 1653 1901 Compositiones,
1704 1857 1887 1901 quarum

276 1929 376 1971 pars
424 1918 540 1971 prior
586 1920 654 1960 est
698 1914 845 1968 μαζα-,
895 1918 938 1959 in
981 1929 1183 1960 sermone
1224 1918 1346 1971 epieo
1394 1919 1436 1959 et
1479 1916 1612 1971 lyrico
1654 1927 1741 1959 non
1790 1927 1892 1958 esse

277 1987 491 2030 videntur.
552 1985 668 2039 μᾶζα
699 1986 853 2030 Archil.
885 1987 924 2039 2,
957 1987 1007 2036 1;
1039 1986 1271 2042 Hipponax
1303 1986 1370 2039 15,
1403 1986 1442 2029 1.

393 2051 719 2107 σύνδειπνος
751 2057 845 2113 (frg.
879 2057 952 2110 ΙΙΙ.)
991 2055 994 2058 ’

393 2128 503 2172 Ante
535 2128 739 2171 Aristiam
790 2141 878 2171 non
929 2128 1084 2182 legitur
1131 2127 1213 2171 hoc
1252 2140 1430 2180 nomem
1481 2128 1743 2182 tragicorum
1786 2137 1892 2180 poe-

276 2203 417 2241 tarum
459 2199 686 2253 Euripides
732 2202 902 2241 tantum
949 2198 1080 2241 habet
1123 2198 1194 2241 lon
1229 2197 1363 2250 1172;
1414 2197 1517 2240 Xen.
1562 2195 1654 2252 Cyr.
1685 2196 1724 2250 2,
1763 2195 1803 2248 2,
1834 2195 1892 2238 28

279 2271 469 2324 saepius.
531 2268 679 2324 Neque
715 2268 927 2312 vocabula
964 2261 1014 2308 τὸ
1054 2261 1316 2318 σύνδειπνον,
1356 2264 1617 2308 συνδεινπέω
1656 2266 1712 2310 ab
1755 2267 1891 2321 epicis
1926 2318 1929 2322 Ι

277 2339 509 2394 lyricisque
542 2341 684 2393 poetis
718 2338 913 2381 adhibita
946 2351 1046 2382 esse
1078 2338 1290 2382 videntur.

926 2468 964 2510 2.
1018 2466 1235 2522 Cydias.

395 2542 732 2602 εὖλαβέομαι
766 2549 862 2605 (frg.
898 2550 921 2603 l,
954 2549 1009 2603 1.)

396 2620 640 2675 Lyricorum
694 2620 805 2663 alios
853 2620 974 2663 locos
1029 2631 1116 2662 non
1168 2620 1324 2669 inveni,
1378 2617 1452 2661 ubi
1501 2617 1583 2661 hoc
1629 2615 1890 2660 vocabulum

279 2692 473 2734 occurrit.
555 2689 708 2734 Aesch.
754 2689 833 2744 frg.
880 2689 966 2733 195
1017 2681 1193 2742 εὐλαβοῦ
1245 2682 1405 2743 βρόμον
1458 2683 1776 2742 καταιγίζοντα,
1834 2679 1892 2742 μὴ

280 2751 318 2800 ‹5'
351 2751 603 2815 ἆναρπάσῃ,·
635 2759 768 2813 Soph.
799 2759 863 2802 Tr.
905 2759 1020 2802 1129
1060 2749 1237 2811 εὐλαβοῦ
1268 2755 1315 2799 δὲ
1345 2751 1404 2814 μὴ
1435 2755 1569 2814 φανῇς
1598 2749 1730 2807 κακὸς
1762 2749 1894 2812 γεγώς

281 2834 322 2873 et
360 2830 509 2873 multis
549 2830 646 2873 aliis
686 2830 807 2873 locis.
871 2829 1019 2885 Neque
1051 2820 1239 2884 εὐλαβής,
1287 2819 1484 2882 εὐλάβεια
1530 2829 1635 2871 sunt
1681 2828 1724 2870 in
1769 2826 1892 2881 epico

282 2913 496 2944 sermone.
561 2898 619 2943 Cf.
666 2899 879 2943 vocabula
926 2900 1157 2954 lyricorum
1199 2896 1391 2953 Theogn.
1443 2898 1528 2941 118
1573 2888 1659 2939 οὐδ’
1698 2888 1894 2952 εὗλαβίης
