1994 3236
937 236 1221 278 -20-

276 367 374 397 nam
410 355 575 406 dubito,
608 367 661 396 an
695 358 798 396 tunc
830 354 1041 407 temporis
1062 353 1258 395 Pratinae
1291 365 1450 395 nomen
1475 351 1775 407 pervulgatum
1799 363 1890 395 non

270 425 399 467 fuerIt
431 425 545 479 apud
566 424 767 467 homines
792 423 958 467 doctos.
1005 422 1278 478 Quamquam
1303 435 1404 466 vero
1428 422 1680 474 Pausaniae,
1713 421 1890 472 Suidae,

204 514 207 516 >
273 495 619 538 Pseudoacronis
683 494 829 537 fontes
899 506 984 536 non
1053 495 1137 536 iam
1204 497 1318 536 certo
1378 494 1628 547 investigari
1687 495 1892 547 possunt,

271 569 417 607 tamen
460 568 561 618 post
592 564 862 607 Heraclidem
896 563 962 607 vel
996 563 1303 607 Aristoxenum
1338 563 1454 606 nulla
1480 563 1674 606 Pratinae
1697 563 1891 606 carmina

272 637 496 678 exstitisse
530 633 789 687 videntur.¹)

405 829 472 896 ll.
539 829 632 896 De
686 814 991 897 Pratinae
1041 831 1179 908 vita
1234 836 1299 897 et
1336 830 1760 897 carminibus.

805 988 851 1030 A.
884 986 957 1031 De
990 987 1214 1031 Pratinae
1246 987 1358 1031 vita.

390 1081 549 1124 Suidas
585 1082 780 1125 Pratinae
823 1084 958 1137 patris
1002 1084 1179 1126 nomina
1221 1081 1347 1125 affert
1382 1077 1654 1136 Πτῤῥωνίὸης
1692 1083 1766 1123 aut
1797 1070 1892 1134 'Ey-

272 1145 490 1204 mlguogss)
533 1151 617 1195 Sed
654 1165 751 1195 cum
786 1165 945 1196 nomen
970 1144 1205 1207 'nyojpzog
1237 1155 1462 1206 sumptum
1495 1150 1693 1194 videatur
1722 1151 1776 1194 de
1798 1162 1895 1193 car-

273 1224 438 1265 minum
463 1235 632 1277 genere,
666 1223 782 1277 quod
807 1226 874 1265 est
904 1216 1108 1277 ἒγκώμια,
1142 1234 1407 1278 quamquam
1432 1221 1648 1264 Patrinam
1671 1220 1890 1264 eiusmodi

272 1294 463 1335 carmIna
488 1295 795 1347 composuisse
830 1306 917 1336 non
948 1297 1014 1336 est
1046 1293 1266 1345 traditum,
1300 1305 1387 1336 non
1412 1304 1494 1335 nos
1523 1303 1660 1334 errare
1683 1293 1789 1346 puto
1811 1302 1894 1345 po—

272 1367 425 1406 nentes
463 1359 736 1418 sIvgigiwm'cliy
771 1363 912 1406 fuisse
951 1364 1146 1406 Pratinae
1196 1362 1413 1418 patrem.3)
1483 1361 1578 1412 Quo
1610 1373 1726 1405 anno
1763 1364 1892 1416 poeta

271 1437 399 1476 natus
447 1435 514 1484 sit,
558 1433 687 1476 nobis
732 1434 937 1476 traditum
979 1447 1065 1477 non
1106 1438 1183 1477 est.
1248 1434 1384 1476 Patria
1419 1433 1614 1475 Pratinae
1648 1435 1737 1476 erat
1769 1430 1895 1474 Pelo·

270 1506 454 1558 ponnesi
501 1504 570 1546 illa
616 1505 971 1559 septentrionalis
1012 1506 1142 1559 regio,
1187 1504 1259 1546 ubi
1295 1504 1379 1546 illis
1412 1502 1685 1558 temporibus
1717 1501 1892 1546 chorica

270 1576 419 1628 poesis
452 1574 648 1619 florebat.
707 1574 904 1618 Phliunte
938 1580 1027 1618 erat
1066 1579 1209 1619 natus.
1227 1576 1259 1628 4)
1323 1575 1523 1617 luvenem
1558 1586 1656 1617 eum
1690 1571 1893 1615 Phliunte

268 1645 409 1688 fuisse
452 1647 668 1688 existimo.
731 1645 882 1688 Putare
922 1646 1019 1688 licet
1060 1650 1232 1700 poetam
1274 1647 1460 1700 primum
1495 1645 1685 1687 carmina
1718 1643 1892 1686 chorica

270 1717 578 1769 composuisse
596 1728 733 1770 aeque
752 1719 880 1770 atque
899 1728 1054 1759 omnes
1072 1716 1160 1759 iere
1180 1719 1332 1771 poetas
1356 1715 1765 1768 Peloponnesiacos.
1802 1713 1892 1756 lllis

269 1786 542 1838 temporibus
586 1786 768 1838 (circiter
810 1798 926 1828 anno
969 1788 1323 1841 quingentesimo
1362 1798 1400 1828 a.
1434 1784 1527 1828 Chr.
1561 1784 1618 1838 n.)
1694 1784 1893 1828 Athenae

271 1858 354 1898 iam
390 1868 548 1910 magna
582 1859 836 1899 auctoritate
869 1856 1124 1900 fruebantur
1158 1859 1266 1899 inter
1299 1858 1416 1900 viros
1443 1857 1596 1899 doctos
1620 1858 1662 1899 et
1683 1854 1891 1910 poetas.⁵)

273 1927 418 1981 ltaque
451 1926 659 1977 Pratinas,
706 1926 895 1969 fortasse
937 1939 985 1970 ea
1028 1927 1081 1969 de
1124 1940 1268 1978 causa,
1313 1931 1359 1969 ut
1399 1926 1573 1969 fabulas
1606 1928 1648 1969 in
1684 1937 1887 1969 scaenam

274 1997 405 2048 daret,
439 1996 632 2040 Athenas
667 1997 888 2051 profectus
913 2002 990 2040 est.
1046 1997 1170 2047 Quod
1195 1997 1372 2052 quando
1393 1997 1553 2049 fecerit,
1587 2010 1609 2040 e
1629 1996 1888 2050 fragmentis

390 2152 412 2187 ¹)
442 2149 478 2182 ln
520 2151 732 2183 universum
771 2150 813 2183 de
851 2149 918 2183 hac
956 2159 990 2183 re
1025 2150 1112 2183 dicit
1142 2150 1179 2185 U.
1208 2149 1249 2183 de
1278 2149 1534 2190 Wilamowitz,
1573 2146 1788 2191 Textgesch.
1826 2146 1895 2181 der

269 2209 406 2250 griech.
435 2208 592 2252 Lyriker.
644 2207 735 2242 Abh.
765 2209 797 2242 d.
826 2208 897 2251 kgl.
925 2207 1007 2242 Ges.
1037 2208 1070 2242 d.
1097 2209 1203 2243 Wiss.
1255 2207 1466 2242 Εὕα-ΒΜ.
1495 2207 1596 2241 1901.
1637 2216 1674 2249 p.
1700 2207 1732 2241 8.

388 2269 412 2308 ²)
444 2267 577 2302 Suidas
605 2278 633 2301 s.
662 2278 695 2301 ν.
726 2270 918 2310 ΙΙρατίιάς.
946 2267 979 2301 h.
1007 2277 1100 2300 com.
1128 2276 1162 2310 p.
1191 2267 1243 2300 14.

390 2326 418 2370 ³⁵)
446 2326 619 2360 Similiter
659 2336 714 2360 res
754 2336 791 2359 se
831 2325 942 2360 habet
978 2326 1019 2359 de
1059 2325 1300 2366 Anacreonte,
1343 2328 1381 2358 ut
1422 2324 1491 2358 hoc
1530 2320 1642 2358 unum
1681 2323 1891 2368 exemplum

269 2384 441 2418 afferam:
481 2384 579 2419 Suid.
616 2395 645 2418 s.
680 2395 713 2419 v.
748 2380 947 2427 Ἀνακρέων
982 2383 1090 2418 affert
1124 2387 1300 2427 quattuor
1326 2383 1487 2424 nomina,
1522 2392 1615 2426 quae
1643 2381 1890 2417 Anacreontis

269 2444 385 2485 patris
413 2442 527 2477 fuisse
555 2443 783 2477 dicebantur.
830 2437 1035 2486 Hraupe'mv.
1087 2441 1270 2474 Σκυθῦνού
1294 2440 1387 2476 νὶός·
1425 2440 1459 2474 οἱ
1495 2439 1535 2474 δὲ
1562 2435 1735 2484 Εὗμήλου,
1779 2439 1815 2475 οἱ
1848 2439 1893 2474 ὃέ

272 2502 492 2545 ΙΙαριἹωίὐν,
521 2500 556 2534 οἱ
580 2500 618 2535 δὲ
644 2496 903 2545 Ἀριστοκρίτυι·
929 2499 1113 2539 ἐδόξασαν.
1154 2499 1253 2541 Quae
1282 2501 1430 2534 nomina
1457 2503 1562 2534 erant
1596 2499 1889 2534 clarissimorum

272 2564 480 2603 temporum
509 2571 601 2603 quae
629 2560 900 2604 praecedebant
926 2563 1138 2603 poetarum;
1166 2561 1366 2603 scriptores
1393 2560 1487 2594 enim
1508 2559 1735 2602 posteriores
1762 2559 1884 2602 poetis

273 2618 502 2652 clarissimos
529 2622 653 2662 patres
681 2619 766 2653 dare
795 2618 982 2652 volebant.
1034 2618 1079 2652 cf.
1106 2618 1274 2662 Hartung
1300 2618 1321 2652 l.
1349 2618 1370 2653 l.
1397 2618 1436 2660 V,
1464 2627 1498 2661 p.
1526 2618 1605 2652 203.

387 2677 416 2719 ⁴)
443 2675 573 2710 Athen.
601 2677 653 2718 Xl,
682 2687 715 2720 p.
731 2677 795 2711 461
815 2676 858 2715 13;
888 2677 921 2710 h.
949 2687 1080 2711 comm.
1109 2686 1141 2720 p.
1163 2678 1192 2710 7.
1222 2677 1377 2711 Pausan.
1405 2677 1442 2719 ll,
1470 2676 1674 2719 cap.13‚6;
1701 2675 1735 2710 h.
1754 2684 1886 2710 comm.

269 2744 301 2777 p.
332 2735 386 2775 14,
425 2735 523 2770 Suid.
559 2746 585 2769 s.
615 2747 648 2768 v.
678 2739 877 2779 Πρατίναςι
914 2735 947 2770 h.
975 2746 1106 2770 comm.
1134 2745 1167 2779 p.
1197 2737 1250 2770 14.
1287 2735 1394 2770 Anth.
1423 2735 1492 2770 Pal.
1523 2734 1592 2777 Vll,
1619 2735 1682 2778 373
1713 2733 1770 2768 Vll
1798 2734 1894 2777 707;

269 2793 302 2826 h.
330 2803 463 2827 comm.
491 2803 524 2837 p.
554 2794 596 2828 16
624 2805 677 2837 sq.

385 2853 409 2892 ³³)
440 2851 511 2886 lam
541 2852 735 2887 Pisistrato
772 2858 948 2897 regnante
975 2857 1142 2897 tempora
1182 2853 1276 2887 festa
1305 2853 1458 2888 Athenis
1492 2852 1686 2898 magnifice
1723 2853 1886 2887 celebra—

270 2911 403 2944 bantur
430 2911 478 2944 ita
508 2914 546 2944 ut
582 2915 713 2954 poetas
741 2916 914 2946 externos
942 2912 1140 2946 allicerent.
1193 2911 1239 2945 cf.
1264 2911 1386 2956 Georg
1414 2913 1552 2955 Busolt,
1579 2911 1724 2947 Griech.
1750 2910 1889 2949 Gesch,

269 2968 341 3002 vol.
371 2969 407 3003 ll.
437 2970 564 3003 21895.
593 2979 626 3012 p.
654 2970 723 3003 3423
750 2981 828 3013 sqq.
