1994 3236
824 263 873 267 ,.-
939 238 997 280 39
1065 263 1109 266 ,Ἀ

150 369 238 413 qua
285 356 423 413 pedes
466 361 509 400 et
556 368 716 399 manus
758 355 1042 408 disiciuntur,
1087 358 1252 411 optime
1304 356 1434 400 nobis
1482 362 1583 400 ante
1631 358 1784 401 oculos

149 430 335 483 ponunt.
399 425 610 471 Conferas
654 428 870 482 imprimis
913 426 1043 470 velim
1086 425 1161 481 fig.
1206 426 1304 475 275,
1348 427 1435 470 276
1474 427 1656 483 (satyri),
1698 428 1786 471 576

108 511 126 524 ·
149 497 243 554 (ubi
277 499 439 542 circum
475 498 658 554 Dionysi
692 510 810 541 aram
847 497 1062 551 saltatur),
1093 497 1192 546 577.
1224 497 1323 550 578,
1354 497 1453 540 579.

268 580 318 624 Et
362 593 448 626 vox
481 577 702 635 θρίαμβος
733 584 775 625 et
807 573 1083 632 διθύραμβος
1121 584 1244 623 erant
1278 580 1459 636 Dionysi
1504 584 1783 636 cognomina

148 651 228 700 (De
275 652 346 695 his
391 651 577 696 vocibus
627 651 679 695 cf.
737 651 848 694 infra
897 650 951 695 de
1000 650 1146 705 serm)
1210 651 1305 694 Eur
1351 651 1503 695 Bacch.
1556 653 1642 695 526
1698 647 1783 699 ἴί-,Ιι

149 715 411 778 Λιῧὺραιιβε
464 754 473 763 .
525 754 534 762 .
587 755 595 762 .
647 754 656 763 .
709 718 742 762 13
789 715 960 773 Βάνχιε.
1076 721 1233 766 Athen
1288 722 1318 774 1,
1385 735 1424 777 p.
1477 723 1536 766 30
1584 722 1614 765 Β
1678 724 1785 767 haee

151 792 334 850 Dionysi
383 795 649 849 cognomina
697 792 846 836 affert:
898 789 1077 845 ῐιιιᾶται
1126 790 1174 833 δὲ
1223 808 1342 848 παρα
1390 797 1720 849 Λαιιιθάκννοῐς
1763 808 1786 833 0

150 860 357 922 Πρίηπος
383 856 407 905 ὃ
428 854 557 914 αὐτὸς
587 854 646 905 ὢν
676 861 737 920 τῶ
772 856 984 918 Διονίσω,
1020 860 1068 914 ἐξ
1098 860 1136 903 ‹37
1139 861 1315 905 ειθέτου
1347 859 1605 918 καλοιιιειος
1637 858 1782 914 οὕτως

148 927 208 985 ὡς
243 931 469 991 Θρίαιιβος
498 932 573 976 καὶ
607 928 910 990 Διὼέραιιβος.

147 1019 212 1051 VS.
247 1005 315 1050 17.
379 997 620 1059 κισσόχαιτ1
654 997 771 1058 ἅναξ,
804 996 934 1047 ἄκουε
964 999 1042 1047 τὰν
1074 999 1181 1059 ἐμὰν
1214 999 1388 1061 Δώριον
1416 1002 1597 1058 χορείαν.

269 1089 510 1144 „Hederate
556 1088 736 1133 domine
781 1113 832 1119 —-
879 1088 1040 1133 chorus
1085 1088 1215 1132 deum
1261 1087 1463 1143 implorat
1511 1112 1565 1116 —
1614 1089 1783 1143 respice

147 1161 384 1206 clementer
416 1173 558 1204 meam
594 1160 874 1204 saltationem
911 1160 1150 1203 Doricam.“

267 1231 435 1276 Similis
469 1231 651 1287 Dionysi
686 1233 906 1275 invocatio
950 1233 1171 1274 invenitur
1204 1231 1318 1286 apud
1355 1231 1574 1286 Aristopli.
1606 1230 1783 1273 Thesm.

146 1301 234 1347 997
265 1295 503 1360 κισσόφορε
533 1295 719 1354 Βάκχειε
750 1293 946 1343 δέσποτ’.

266 1379 407 1424 Versu
441 1380 596 1423 ultimo
631 1372 804 1433 Δώριος
833 1375 979 1432 χορεία
1011 1382 1249 1434 opponitur
1291 1380 1497 1423 tibiarum
1541 1379 1783 1433 vocibus.¹)

148 1452 251 1496 ltem
298 1450 496 1496 Telestes
546 1452 587 1495 in
637 1452 847 1503 carmine,
895 1450 1013 1506 quod
1058 1463 1190 1506 supra
1239 1453 1297 1506 (p.
1340 1451 1414 1504 26)
1455 1452 1601 1500 attuli,
1648 1451 1783 1494 tibias

150 1524 348 1567 musicae
381 1522 561 1567 Doricae
593 1524 824 1578 opposuit:

247 1584 291 1651 ᾖ
324 1587 473 1650 Φρύγα
501 1586 777 1635 καλλιπνόων
807 1584 946 1634 αιλῶν
978 1588 1099 1648 ιερῶι
1128 1591 1327 1650 flamma,

266 1657 420 1707 Λυδὸν
450 1678 498 1715 ος
527 1655 690 1720 ἅρμοσε
722 1662 895 1721 πρῶτος

269 1731 471 1792 Δωρίδος
500 1726 742 1777 ἀντίπαλον
770 1729 936 1789 μοί-σας
966 1729 1096 1788 νόμον
1126 1730 1274 1778 αἰόλον
1306 1727 1439 1793 ὀμφᾷ.

270 1806 622 1864 Complectamur
679 1806 812 1860 brevi,
871 1820 983 1863 quae
1046 1807 1258 1851 didicisse
1321 1808 1541 1852 videmur:
1592 1808 1781 1853 Chorum

149 1882 398 1936 satyrorum
447 1878 503 1922 ad
546 1879 689 1922 locum
733 1878 955 1934 quendam
998 1880 1247 1922 venientem
1290 1878 1393 1922 facit
1436 1884 1576 1934 poeta,
1620 1880 1692 1923 ubi
1739 1882 1781 1923 in

114 1949 334 2006 ¹Dionysi
383 1949 595 1994 honorem
642 1949 837 1993 saltatur.
909 1949 967 1992 lbi
1011 1949 1192 1993 chorum
1236 1950 1419 1994 alterum
1465 1953 1650 2001 invenit,
1707 1953 1781 2007 qui

147 2033 175 2065 a
205 2021 375 2066 ratione
407 2021 656 2076 antiquiore
690 2020 893 2073 saltandi,
931 2020 1130 2073 canendi,
1171 2020 1294 2064 tibiis
1337 2021 1541 2064 cantandi
1583 2024 1783 2066 secessit.

147 2091 210 2136 lra
243 2090 466 2148 impulsus
498 2091 781 2135 vehementer
824 2093 864 2134 in
900 2091 1017 2134 hunc
1049 2091 1244 2142 chorum,
1283 2104 1412 2147 quem
1453 2092 1613 2136 adesse
1654 2097 1782 2148 poeta

147 2163 341 2216 simulat,
373 2161 606 2215 invehitur,
645 2161 780 2205 tibias
823 2165 870 2205 ut
903 2161 1151 2217 confringat
1189 2163 1255 2206 vel
1290 2163 1519 2206 comburat
1552 2177 1600 2207 se
1635 2165 1780 2219 ipsum

149 2233 427 2282 adhortaturz
461 2233 652 2288 denique
682 2232 926 2288 Dionysum
963 2233 1177 2288 implorat,
1211 2238 1257 2277 ut
1290 2247 1420 2277 suum
1456 2247 1554 2278 vere
1579 2234 1781 2278 Doricum

91 2300 94 2303 ’
147 2308 326 2349 cantum
359 2307 402 2348 et
434 2303 715 2348 saltationem
749 2303 940 2359 benigne
974 2305 1193 2359 respiciat.

266 2375 377 2432 Ergo
409 2375 608 2419 Pratinas
642 2375 712 2418 his
745 2374 950 2418 versibus
984 2375 1151 2418 accedit
1193 2376 1246 2418 ad
1282 2390 1431 2420 eorum
1477 2381 1783 2432 contempora-

148 2459 330 2492 neorum
349 2450 577 2503 poetarum
597 2448 823 2499 rationem,
842 2449 915 2501 qui
935 2446 1141 2490 tibiarum
1164 2447 1494 2503 polyphoniam,
1514 2460 1672 2491 novam
1693 2448 1783 2491 sal-

147 2517 271 2563 tandi
305 2517 600 2574 cantandique
633 2519 846 2562 rationem
881 2517 1162 2573 respuebant,
1194 2522 1417 2562 vetustum
1446 2519 1647 2562 Doricum
1680 2531 1785 2562 can-

147 2589 271 2633 tandi
320 2588 501 2633 modum
553 2589 680 2632 unice
728 2588 911 2644 dignum
961 2601 1062 2632 esse
1111 2588 1373 2640 censebant,
1421 2602 1508 2645 quo
1559 2589 1784 2645 Dionysus

149 2659 451 2704 celebraretur.

268 2730 354 2774 lam
388 2743 440 2775 eo
473 2734 652 2775 ventum
688 2734 768 2782 est,
801 2735 848 2774 ut
880 2730 1120 2774 diiudicare
1154 2744 1375 2783 conemur,
1417 2744 1505 2787 quo
1546 2733 1588 2774 in
1631 2733 1783 2786 poesis

146 2814 309 2858 genere
342 2801 425 2845 hoc
448 2800 646 2845 Pratinae
679 2814 853 2845 carmen
889 2803 946 2845 sit
970 2801 1238 2845 habendum.
1289 2802 1458 2846 Primus
1483 2801 1530 2850 Κ.
1553 2802 1602 2846 Ο.
1627 2802 1785 2846 Miiller

268 2943 293 2984 ¹)
319 2941 368 2977 De
383 2942 452 2978 hac
469 2952 504 2978 re
519 2941 566 2977 ci.
581 2942 691 2977 eiiam
704 2942 962 2984 Wilainowitz‚
982 2941 1046 2977 Ein
1063 2942 1299 2978 altattisches
1315 2943 1538 2987 Epigramm,
1558 2944 1709 2978 tiermes
1726 2943 1781 2977 XX

140 3000 282 3044 (1885),
309 3010 343 3046 ρ.
370 3002 427 3037 64.
