1994 3236
967 218 1249 260 *10-

302 333 571 376 Athenaeum
626 346 713 377 non
768 347 819 376 ex
873 335 1014 388 ipsius
1047 333 1292 377 Aristoxeni
1337 333 1446 377 libro
1485 333 1691 378 hausisse
1737 334 1927 389 cred0.¹)

302 402 452 451 Qualis
514 407 658 447 autem
718 403 926 446 Athenaei
981 406 1206 458 proximus
1263 403 1365 447 fons
1416 403 1557 458 fuerit,
1609 403 1922 448 difficillimum

302 476 369 515 est
401 473 530 515 dictu.

903 543 955 587 B.
1002 543 1326 588 Testimonia.

422 625 590 668 Praeter
622 625 728 668 haec
759 625 1003 681 fragmenta
1038 627 1262 670 nonnullis
1290 628 1548 682 scriptorum
1585 630 1775 670 veterum
1810 627 1926 671 locis·

302 696 430 737 etiam
464 697 717 739 testimonia
750 696 803 738 ad
834 696 1047 739 Pratinam
1083 699 1342 751 pertinentia
1376 700 1559 740 exstant.
1611 696 1731 746 Quae
1763 709 1920 754 quam-

301 777 431 819 quam
473 778 611 820 pauca
661 770 774 816 sunt,
815 770 960 810 tamen
1002 767 1055 810 ad
1090 769 1222 810 vitam
1261 776 1302 810 et
1334 778 1467 810 artem
1511 769 1724 822 poeticam
1762 770 1926 823 poetae·

301 836 654 889 cognoscendam
688 835 875 879 fructum
910 836 1109 880 afferunt.

417 904 457 959 a)
506 906 548 948 ln
582 910 839 960 argumento
871 906 1026 951 Aesch.
1058 907 1175 962 Sept.
1208 907 1413 962 legimus:

331 969 571 1031 «3615022325
619 972 695 1016 ἐπὶ
741 974 974 1031 Θεαγένους
1014 970 1251 1029 ὀλυμπιάδι
1299 971 1374 1033 οη’.
1439 973 1558 1017 ἐνίκα
1589 974 1739 1031 Λαΐῳ,
1793 971 1923 1018 Οἰδί-

358 1044 479 1095 ποὸι,
511 1039 657 1086 ‘Esseni
691 1043 765 1086 ἐπὶ
805 1040 961 1103 Θήβας,
998 1045 1155 1104 Σφιγγὶ
1189 1044 1403 1102 σατυρικῇ.

358 1110 548 1170 δεύτερος
586 1107 806 1170 Ἀριστίας
854 1118 1025 1171 Περσεῖ,
1087 1111 1302 1171 ’[ἀνιάλῳ,
1348 1116 1528 1157 Παλαι
1544 1117 1707 1166 σταῖς
1752 1128 1918 1158 σατυ-

358 1189 546 1239 ρικοῖς
596 1189 716 1236 τοῖς
770 1184 1049 1241 Πρατίνου
1107 1181 1326 1242 πατρὸς.
1397 1183 1538 1242 τρίτος
1586 1180 1924 1243 Πολιφράδμων

357 1253 630 1311 Αι·κοι.’ργείςι
660 1254 922 1312 τετραλογία.

418 1327 460 1370 ln
509 1327 591 1371 hoc
639 1341 727 1371 uno
760 1328 961 1384 Aeschyli
1009 1328 1255 1371 fabularum
1303 1330 1563 1383 argumento
1601 1330 1690 1371 tres
1727 1329 1925 1371 victores.

299 1401 402 1439 sunt
446 1399 673 1440 nominati.
752 1396 857 1441 Cum
907 1398 1136 1454 Supplices
1185 1398 1418 1453 hypothesi
1467 1400 1658 1451 careant,
1712 1398 1755 1440 in
1813 1396 1914 1442 Pro-

300 1467 457 1510 methei
500 1469 631 1511 vincti
677 1472 935 1523 argumento
977 1469 1031 1511 de
1072 1468 1311 1512 victoribus
1354 1468 1460 1511 nihil
1503 1468 1671 1511 dicitur.
1734 1467 1778 1510 ln
1817 1467 1924 1511 Per-

300 1550 445 1580 sarum
479 1540 703 1593 prooemio
737 1540 946 1593 scriptum
979 1542 1149 1582 tantum
1183 1542 1272 1582 est:

357 1599 455 1648 'Eat
480 1606 687 1657 ῘΙΙένωνος
703 1606 931 1663 τραγῳδῶν
946 1602 1169 1660 Αἰσχύλος
1191 1605 1310 1648 ἐνίκα
1335 1609 1468 1658 Φινεῖ,
1495 1605 1699 1662 Πέρσαις,
1723 1610 1762 1648 Γ
1757 1600 1923 1662 λαῦκιιυ,,,

308 1680 544 1733 Προμηθεῖ.

415 1748 733 1804 Agamemnoni
767 1752 1081 1804 praescriptum
1116 1754 1203 1793 est:
1745 1790 1747 1792 .

360 1817 540 1874 ,Πρῶτος
571 1814 792 1870 Αἰσχύλος
823 1811 1121 1874 Ἀγαμέμνονι,
1174 1813 1432 1876 Χοψχὸροις,
1480 1811 1692 1871 Εὐμενίσι,
1742 1818 1926 1872 Πρωτεῖ

357 1887 582 1945 σατιρικῷ.

414 1960 529 2003 Haec
562 1972 699 2014 pauca
732 1961 785 2003 de
819 1963 972 2015 poetis,
1015 1963 1087 2016 qui
1128 1974 1225 2004 cum
1266 1960 1482 2016 Aeschylo
1515 1959 1749 2012 certabant,
1781 1957 1912 2003 nobis

299 2043 348 2073 ex
397 2032 668 2084 argumentis
702 2034 806 2074 sunt
838 2034 953 2074 nota.
1019 2031 1241 2086 Equidem,
1305 2033 1341 2074 si
1391 2030 1564 2074 saecula
1610 2029 1734 2086 plura
1779 2029 1923 2074 huius.

296 2102 469 2155 generis
503 2100 556 2143 de
587 2100 833 2143 fabularum
868 2103 1010 2156 poetis
1057 2102 1226 2146 illorum
1259 2106 1503 2156 temporum
1538 2102 1804 2153 servassent,
1842 2099 1923 2143 fu·

297 2174 440 2213 turum
474 2170 615 2214 fuisse
648 2174 766 2225 puto,
813 2175 860 2214 ut
893 2171 1120 2225 Pratinam,
1168 2174 1329 2228 quippe
1369 2173 1442 2227 qui
1481 2170 1656 2215 fabulas
1695 2171 1912 2226 quinqua—

296 2242 429 2295 ginta,
477 2253 659 2296 quarum
708 2244 919 2297 satyricas
969 2243 1146 2296 triginta
1199 2242 1322 2292 duas,
1372 2243 1559 2296 tragicas
1609 2239 1911 2295 duodeviginti

297 2312 617 2365 conscripserit,
632 2311 663 2364 ²)
697 2313 875 2366 saepius
911 2314 951 2354 in
976 2314 1187 2354 victorum
1212 2324 1393 2354 numero
1416 2312 1625 2365 scriptum
1649 2309 1921 2354 videremus..

413 2379 538 2429 Quod
571 2380 767 2433 AristiaS‚
816 2381 1012 2425 Pratinae
1058 2381 1191 2433 filius,
1237 2383 1372 2436 patris
1418 2380 1612 2423 fabulam
1661 2381 1759 2435 egit,
1808 2379 1911 2423 inde

298 2450 555 2494 concludere
604 2451 701 2493 licet
749 2451 822 2494 illo
861 2464 988 2503 anno,
1035 2464 1122 2507 quo
1163 2455 1257 2494 acta
1290 2454 1369 2499 est,
1419 2452 1442 2493 i.
1476 2463 1511 2494 e.
1543 2449 1628 2493 467
1661 2462 1697 2493 a.
1729 2448 1823 2493 Chr.
1855 2462 1921 2503 η,

300 2520 514 2562 Pratinam
548 2524 721 2574 poetam
756 2522 839 2563 iam
875 2525 1092 2564 mortuum
1127 2534 1238 2566 esse.
1252 2522 1284 2575 3)

418 2626 441 2666 ¹)
469 2624 515 2658 cf.
543 2625 655 2668 ssapp,
683 2625 704 2658 l.
733 2624 755 2659 l.
783 2635 816 2668 p.
844 2625 912 2659 105
939 2635 1030 2668 sqq„
1058 2635 1091 2667 p.
1120 2626 1186 2659 155
1213 2635 1293 2668 sqq.

414 2684 441 2725 ²⁷)
469 2683 551 2716 vide
580 2683 686 2717 huius
713 2693 845 2717 comm.
873 2693 906 2726 p.
935 2684 989 2717 14.
1017 2693 1044 2717 s.
1074 2694 1107 2716 ν.
1135 2683 1278 2718 Suidae.

413 2742 438 2782 ³)
467 2740 825 2783 cf.Christ-Schmid,
853 2742 980 2782 ⁵1908,
1006 2751 1040 2784 p.
1059 2742 1138 2775 268.
1167 2741 1321 2776 fabulas
1345 2751 1364 2775 a
1389 2741 1476 2775 filiis
1494 2745 1687 2784 poetarum
1701 2745 1807 2776 actas
1825 2751 1916 2776 esse⁴

296 2800 547 2842 compluribus
583 2799 674 2833 locis
709 2800 820 2834 nobis
844 2803 902 2834 est
928 2800 1116 2834 traditum.
1179 2802 1210 2834 1.
1245 2799 1418 2844 Aeschyli
1454 2800 1554 2835 filius
1587 2799 1800 2843 Euphorion
1849 2803 1908 2832 mi,

297 2862 366 2893 τοῖς
399 2854 582 2901 Αίσχύλου
612 2856 676 2890 τοῦ
713 2855 858 2903 πατρός,
897 2857 945 2893 οἷς
984 2855 1093 2901 μήπω
1133 2848 1178 2900 ἦν
1225 2856 1499 2901 ἐπιδειξάμενος,
1537 2856 1697 2904 τετράκις
1734 2861 1906 2900 ἐνίκησεν,

294 2916 424 2951 Suidas
457 2926 487 2950 s.
517 2926 549 2949 v.
576 2910 775 2960 Εὐφορίων.
837 2916 869 2950 2.
897 2915 1093 2960 Sophoclis
1120 2925 1236 2959 nepos
1264 2915 1468 2960 Sophocles
1499 2943 1508 2951 .
1531 2944 1538 2951 .
1565 2914 1728 2955 ἐδίδαξεν
1753 2911 1834 2970 ὐἱὸς
1854 2912 1918 2950 ὢν·

295 2971 500 3017 {lpiaerrmvog
533 2976 590 3006 ἐπὶ
616 2969 786 3016 ἤρχοντος
813 2978 983 3010 Mimo-1⁵09,
1010 2969 1046 3008 ὅς
1071 2976 1147 3006 ἐστι
1170 2977 1340 3016 τέταρτος
1366 2969 1436 3007 ἄπο
1460 2973 1619 3014 Καλλίου,
1647 2970 1702 3019 ἐφ’
1732 2971 1772 3008 οὗ
1795 2986 1917 3020 φασιν
