1994 3236
789 218 1079 260 ..25-

401 351 430 377 α
460 350 540 388 uei
563 327 736 378 Adeba

329 397 510 463 τῶργαν’
543 403 721 463 ἔρριψέν
752 397 816 448 θ’“
808 404 923 462 ιερᾶς
953 397 1047 447 ἀπὸ
1076 398 1228 462 χειρός,

328 471 433 520 εἶπέ
463 469 500 520 τ’
522 493 530 501 ·
596 469 756 534 »ἔρρετ’
789 472 952 530 αι’σχεα,
987 470 1158 531 σώματι
1189 470 1314 529 λι’·ιια,

330 539 423 603 (οὐ)
454 565 508 603 με
542 541 718 607 <τᾷ>δ”
698 543 782 605 εγὼ
814 542 1024 590 κακότατι
1059 545 1232 602 δίδωιιι.
1241 564 1262 587 «

237 633 298 678 Ex
330 633 414 678 hoc
445 633 658 678 Athenaei
693 633 788 677 loco
823 633 935 677 clare
974 636 1155 689 apparet
1187 632 1532 688 Melanippidem
1579 645 1752 676 carmen

110 704 343 761 quoddam
377 706 702 760 composuisse,
734 705 801 748 cui
839 705 1099 759 inscriptum
1134 707 1225 748 erat
1260 697 1498 759 Μαρσύας;
1539 717 1627 760 quo
1662 717 1748 747 car·

112 777 247 828 mine,
280 777 407 820 cuius
440 775 694 820 Athenaeus
726 775 974 831 fragmenta
1007 774 1147 827 affert,
1185 778 1359 830 poetam
1396 777 1617 819 invectum
1653 788 1753 818 esse

27 859 50 914 2.
110 848 160 890 in
193 846 400 891 tibiarum
435 846 766 903 polyphoniam.

238 929 481 975 Pausanias
531 934 676 973 narrat
723 929 949 986 Marsyam
999 929 1173 985 Olympi
1224 933 1390 985 patrem
1435 942 1616 973 nomum
1651 929 1754 972 tibi-

27 1047 30 1060 ἶ
111 1013 223 1047 num
258 1002 538 1049 invenisse.¹)
602 1001 749 1057 ltaque
783 1001 1043 1045 concludere
1077 1014 1174 1045 mea
1207 1001 1386 1057 quidem
1412 1002 1631 1044 sententia
1656 1000 1754 1044 licet

34 1076 51 1094 *
110 1072 463 1129 Melanippidem
496 1073 580 1117 hoc
613 1074 805 1116 carmine
846 1072 901 1116 de
943 1074 1063 1116 nomi
1106 1072 1233 1116 tibini
1278 1072 1530 1128 primordiis
1573 1072 1753 1115 dixisse.

39 1164 48 1186 1
114 1143 337 1200 Imprimis
386 1146 636 1188 narravisse
686 1144 860 1188 videtur
903 1144 1147 1187 Minervam
1192 1144 1319 1188 deam
1363 1143 1587 1199 Marsyam
1633 1145 1752 1186 nomi

38 1218 54 1252 ἰ
86 1215 290 1272 ,ευΙεῒίεί
341 1217 615 1259 inventorem
663 1217 952 1268 increpuisse.
994 1215 1120 1258 deam
1166 1217 1307 1270 ipsam
1347 1214 1482 1258 tibias
1523 1214 1754 1267 abiecisse,

36 1278 43 1287 ’
110 1286 236 1343 quod
269 1287 439 1330 vultum
473 1286 782 1331 deformarent.
847 1286 939 1330 lloc
971 1288 1163 1330 carmine
1198 1285 1521 1341 Melanippides
1563 1285 1605 1328 id
1655 1284 1753 1328 effi-

27 1358 45 1383 ⁵
110 1370 214 1402 cere
261 1357 492 1402 studuisse
542 1358 726 1410 videtur,
774 1362 822 1401 ut
868 1359 1120 1409 auctoritas,
1168 1370 1300 1413 quam
1346 1357 1431 1400 illis
1474 1355 1753 1412 temporibus

106 1427 251 1472 ‘tibiae
289 1432 522 1473 assecutae
565 1432 699 1481 erant,
742 1428 1070 1472 diminueretur.
1135 1428 1384 1472 Notandum
1429 1431 1498 1472 est
1531 1427 1663 1471 huius
1699 1427 1753 1471 de

110 1499 317 1544 MInerva
360 1504 402 1544 et
434 1500 614 1556 Marsya
660 1499 837 1543 fabulae
886 1503 1225 1544 monumentum
1274 1499 1458 1543 Athenis
1507 1499 1662 1553 fuisse,
1711 1499 1752 1542 id

109 1569 238 1627 quod
270 1570 515 1616 Pausanias
548 1571 744 1626 narrat.²)

237 1655 280 1699 3.
328 1653 583 1699 Athenaeus
632 1658 870 1710 postquam
925 1654 1031 1697 illud
1086 1654 1402 1709 Melanippidis
1455 1653 1751 1709 fragmentum

34 1742 37 1747 ·
108 1715 276 1780 attulit.
302 1725 490 1771 Telestis
523 1726 613 1770 duo
644 1725 891 1781 fragmenta
923 1725 1136 1780 adiungit,
1170 1725 1334 1782 quibus
1366 1725 1435 1768 hic
1467 1729 1596 1780 poeta
1618 1723 1752 1768 tibias

109 1797 307 1842 summis
355 1796 564 1841 laudibus
611 1797 736 1841 tollit.
806 1797 1053 1841 Memoratu
1102 1800 1171 1841 est
1218 1797 1415 1852 mgnum,
1465 1795 1583 1852 quod
1620 1821 1673 1825 —
1711 1795 1751 1838 id

108 1867 236 1925 quod
267 1867 523 1913 Athenaeus
557 1868 662 1913 dicit
696 1893 749 1898 -
782 1868 970 1912 Telestis
1003 1869 1127 1923 prius
1168 1868 1465 1924 fragmentum
1510 1868 1570 1910 illi
1614 1867 1753 1910 Mela-

108 1939 313 1996 nippidis
345 1941 528 2008 carmini
562 1940 813 1995 respondet.
878 1939 1036 1983 Locum
1071 1939 1317 1984 exscribere
1351 1939 1499 1983 liceat:

235 2094 261 2134 ¹)
289 2093 445 2128 Pausan.
472 2093 511 2136 X,
538 2093 594 2135 30,
622 2094 662 2128 9:
692 2120 698 2126 .
727 2121 733 2126 .
763 2122 768 2127 .
798 2121 803 2126 .
832 2097 933 2126 ἐστὶν
959 2096 1017 2127 ἐπὶ
1042 2097 1176 2137 πέτρας
1199 2091 1444 2137 καθεζόμενος
1471 2091 1656 2138 Μαρσύας.
1695 2096 1754 2126 καὶ

102 2146 285 2197 Ὄλυμπος
307 2147 394 2198 παρ’
411 2147 524 2186 αὐτὸν
546 2150 675 2188 παιδός
700 2155 803 2186 ἐστιν
827 2147 962 2198 ὡραίου
985 2155 1045 2186 καὶ
1070 2147 1190 2186 αι’λεῖν
1215 2150 1476 2196 διδασκομεὶόυ
1502 2151 1622 2196 σχῆμα
1650 2156 1752 2196 ἔχων.

38 2223 46 2243 5
111 2210 153 2246 οἱ
174 2209 215 2246 δὲ
240 2213 280 2246 ἐν
310 2209 504 2247 Κελαιναῖς
531 2209 667 2259 Φρύγες
705 2210 876 2246 ἐθέλουσι
908 2214 976 2256 μὲν
1009 2207 1075 2245 τὸν
1099 2207 1266 2255 ποταμὸν
1290 2205 1326 2247 ὃς
1351 2209 1521 2250 διέξεισιν
1546 2206 1667 2246 αὐτοῖς
1692 2207 1752 2245 διὰ

35 2288 37 2290 ·
107 2269 178 2314 *τῆς
207 2268 342 2308 πόλεως
367 2268 502 2305 ἐκεῖνόν
524 2284 613 2305 ποτε
641 2271 733 2304 εἶναι
760 2267 826 2305 τὸν
851 2266 1019 2314 αὖλητήν,
1049 2270 1218 2305 ἐθέλουσι
1245 2271 1284 2305 δέ
1310 2274 1368 2303 καὶ
1395 2266 1531 2316 &byn-mx
1570 2270 1662 2304 εἶναι
1691 2270 1755 2304 τοῦ

34 2327 51 2362 ,ἶ
66 2325 83 2362 s
114 2328 293 2377 Μαρσύου
323 2326 368 2366 τὸ
393 2330 576 2376 Μητρῷον
600 2327 753 2375 αὔλημα.

211 2402 242 2447 ²)
266 2402 425 2439 Pausan.
441 2402 464 2445 Ι,
480 2403 536 2445 24,
553 2405 586 2438 l:
606 2397 787 2436 Ἐνταῦθα
807 2405 873 2447 (sc.
889 2405 928 2435 ἐν
941 2401 986 2450 τῇ
999 2398 1209 2445 Ἀθηναίων
1222 2397 1427 2447 ἀκροπόλει)
1448 2398 1591 2445 Ἀθηνᾶ
1603 2405 1754 2445 πεποίη-

106 2473 176 2496 νται
198 2457 265 2496 τὸν
281 2457 438 2504 Σιληνὸν
453 2459 632 2507 Μαρσύαν
647 2466 816 2501 παίουσα,
831 2457 887 2496 ὅτι
902 2457 946 2504 δὴ
960 2457 1042 2497 τοὺς
1054 2457 1178 2497 αὐλοὺς
1200 2457 1372 2500 α’νέλοιτο,
1397 2462 1570 2508 ἐρρῖφθαι
1585 2461 1679 2507 σφᾶς
1691 2460 1755 2504 τῆς

114 2517 446 2566 θεοῦβουλομέτης.
473 2520 527 2558 cf.
548 2521 591 2556 de
613 2521 675 2556 illo
694 2522 742 2557 ab
758 2520 890 2556 Athen.
919 2521 1035 2556 allato
1054 2520 1267 2566 fragmento
1287 2520 1442 2556 Aristot.
1463 2521 1568 2556 Polit.
1587 2521 1648 2556 lib.
1668 2521 1753 2563 Vlll,

39 2608 42 2611 .
109 2590 199 2625 cap.
224 2579 281 2624 Vl,
305 2580 339 2617 8.
367 2579 551 2616 Plutarch.
604 2581 653 2616 De
680 2580 803 2616 cohib.
831 2582 895 2616 ira.
923 2582 955 2615 6.
1006 2580 1193 2616 TibIarum
1223 2581 1345 2615 nomis
1372 2581 1539 2625 exceptis
1567 2580 1751 2625 Melanip-

41 2650 53 2681 1,,
110 2638 223 2685 pides
249 2643 286 2675 et
313 2640 476 2676 musicae
502 2644 538 2674 et
571 2641 675 2684 poesi
713 2650 834 2675 novas
873 2651 928 2675 res
969 2640 1140 2675 intulisse
1169 2640 1336 2683 videtur;
1374 2639 1420 2674 cf
1449 2639 1536 2676 Suid
1541 2666 1692 2674 .....
1719 2635 1754 2675 ὃς

110 2699 156 2732 ἐν
189 2697 236 2746 ’τῇ
270 2697 346 2733 τῶν
382 2696 626 2744 διθιράιιβωι
667 2698 859 2743 μελοποιια
904 2696 1185 2743 ἑκαιιᾛοτόιιησεν
1229 2698 1391 2734 πλεῖστι.
1468 2699 1524 2734 PS.
1565 2699 1750 2734 Plutarch.

32 2752 76 2808 Ὗ,
111 2757 167 2794 De
193 2759 335 2794 musica
361 2757 460 2796 XXX.
521 2753 665 2803 Ὁμοίως
690 2757 731 2793 δὲ
756 2762 816 2792 καὶ
845 2757 1118 2801 Μελανιππίδης
1143 2753 1162 2792 ὁ
1187 2754 1378 2803 μελοποιὸς
1404 2756 1653 2805 ἐπιγενόμειος
1691 2772 1755 2792 ουκ

34 2842 62 2866 1·
111 2818 276 2862 ἐνέμεινε
297 2816 344 2865 τῇ
367 2815 652 2865 προϋπαρχούσῃ
679 2817 926 2865 Ιμουσικῇ...
979 2817 1184 2853 Pherecrat.
1212 2817 1345 2862 fragm.
1373 2819 1441 2854 145
1468 2828 1523 2853 vs.
1551 2819 1583 2853 3.
1625 2818 1752 2859 (Koch,

107 2874 258 2912 rcomic.
292 2875 353 2912 Gr.
380 2875 513 2921 fragm.
541 2877 564 2920 Ι,
590 2887 625 2921 p.
654 2878 739 2922 188)
764 2903 772 2911 .
801 2905 808 2911 .
837 2904 843 2910 .
872 2905 880 2912 .
907 2879 990 2921 ἐμοί
1020 2890 1059 2910 τε
1094 2867 1178 2922 ἦρξε
1210 2876 1285 2910 τῶν
1309 2876 1428 2910 κακῶν
1464 2875 1752 2919 Μελανιππίδης.

112 2935 204 2971 item
232 2933 388 2971 Aristot.
417 2935 521 2972 Rhet.
550 2935 603 2979 ΙΙΙ,
630 2937 663 2972 9.
