1994 3236
151 334 222 378 10.
271 337 379 376 παῖε
409 327 482 375 τὸν
513 330 719 390 (pot-ndei:

273 401 480 447 ποικίλου
512 398 650 447 πνοὰν
682 401 864 456 ἔχοντα·

269 473 401 534 φλέγε
431 469 504 518 τὸν
536 469 937 529 ὁλοσιαλοκάλαμον

269 541 580 603 λαλοβαρυόπα
612 541 1123 603 παραμελορυθμο,’)’άταν
1156 538 1204 586 θ’

268 610 380 660 &aaz
410 612 615 675 τρυπάνῳ
646 617 782 672 δέμας
812 616 1135 672 πεπλασμένον.

153 690 225 734 15.
273 680 323 746 ἣν
351 683 449 732 ἰδού
471 722 480 731 .
502 682 581 731 ἅδε
612 703 684 731 σοι
717 687 861 741 δεξιᾶς

275 758 351 802 καὶ
383 754 524 811 ποδὸς
555 755 778 817 ὄιαῤῥιᾳά,
811 754 1260 816 θριαμβοδιθύραμβε
1293 773 1304 783 ·

200 859 204 862 -
270 823 514 885 κισσόχαιτ’
546 822 664 884 ἅναξ,
697 822 826 873 ἄκουε
857 826 935 873 τὰν
967 826 1075 886 ἐμὰν
1108 825 1281 885 Δώριον
1309 829 1477 885 χορείαν
1510 846 1518 853 ·

269 914 363 960 Hoc
385 917 578 960 carmine
600 915 799 960 Pratinas
822 915 1107 960 vehementer
1140 915 1361 959 invehitur
1385 917 1427 958 in
1452 919 1607 971 poetas
1631 916 1785 959 tibiam

152 987 345 1043 primum
394 987 540 1031 locum
587 989 629 1030 in
673 987 846 1031 chorica
895 989 1018 1042 poesi
1067 990 1214 1030 tenere
1263 989 1494 1047 patientes,
1542 990 1589 1030 ut
1631 991 1789 1030 cantus

151 1057 278 1103 tibiis
310 1061 664 1116 postponeretur.

276 1141 500 1192 Dolemus.
533 1142 650 1199 quod
685 1147 912 1198 poetarum
949 1142 1119 1186 illorum
1160 1146 1407 1197 temporum
1442 1154 1659 1197 perpauca
1691 1146 1791 1184 tan-

150 1217 247 1258 tum
283 1213 531 1269 fragmenta
574 1217 615 1257 et
661 1215 918 1257 testimonia
966 1217 1144 1266 restant,
1193 1217 1239 1256 ut
1285 1212 1380 1256 fieri
1431 1226 1519 1257 non
1553 1214 1709 1268 possit,
1743 1217 1789 1255 ut

151 1284 344 1330 dilucide
378 1285 483 1328 illud
518 1289 737 1329 certamen
772 1286 1006 1336 musicum,
1038 1297 1127 1340 quo
1161 1286 1291 1327 etiam
1317 1279 1514 1327 Pratinas
1550 1283 1790 1339 implicitus

151 1358 258 1410 erat,
289 1355 538 1400 describere
581 1357 826 1411 possimus.
890 1356 1094 1399 Attamen
1140 1367 1278 1411 pauca
1312 1354 1499 1398 conferri
1534 1358 1739 1410 possunt.
1759 1354 1790 1409 ¹)

274 1438 382 1483 Nam
431 1441 510 1495 viri
559 1441 666 1483 artis
715 1441 910 1483 musicae
959 1439 1074 1483 docti
1124 1443 1228 1482 tune
1276 1440 1488 1494 temporis
1523 1437 1787 1482 Graecorum

153 1513 267 1556 inter
287 1523 338 1555 se
360 1509 597 1564 certabant,
630 1514 775 1555 utrum
798 1510 932 1555 tibiae
956 1523 1011 1554 an
1036 1511 1125 1566 lyra
1150 1512 1340 1565 primum
1365 1510 1507 1553 locum
1539 1511 1791 1559 tenerent.‘-')

271 1593 457 1640 Duobus
494 1594 614 1647 locis,
649 1594 766 1650 quod
802 1596 953 1646 sciam,
987 1595 1249 1649 scriptorum
1285 1596 1480 1636 veterum
1515 1592 1569 1636 de
1602 1592 1672 1636 illa
1697 1593 1790 1635 dis-

153 1668 403 1723 ceptatione
441 1667 624 1718 musica,
665 1678 752 1722 qua
786 1654 984 1709 Pratinas
1018 1668 1109 1708 erat
1143 1664 1396 1720 implicitus,
1444 1663 1655 1707 nonnulla
1690 1676 1790 1707 nar-

152 1740 324 1782 rantur:
369 1735 525 1782 Athen.
557 1736 661 1789 XlV,
699 1749 738 1792 p.
770 1736 858 1780 616
891 1736 921 1779 Ε
955 1749 1050 1792 sqq.
1083 1739 1125 1780 et
1158 1735 1462 1779 Ps.-Plutarch.
1512 1734 1566 1778 de
1609 1737 1791 1784 musica,

95 1836 102 1843 ι
155 1812 248 1865 cap.
281 1806 339 1852 27
372 1820 468 1864 sqq.
530 1807 823 1851 Nominantur
855 1807 971 1863 apud
1007 1807 1175 1859 Athen„
1217 1809 1290 1863 qui
1325 1807 1504 1850 alteram
1540 1810 1680 1850 utram
1715 1806 1792 1850 de-

152 1877 391 1924 fenderunt
437 1880 704 1923 sententiam
753 1878 808 1922 de
855 1882 946 1922 arte
989 1880 1158 1922 musica
1193 1877 1530 1933 Melanippides,
1581 1877 1795 1924 TelesteS.

136 1949 368 2004 “Pratinas,
399 1950 516 2006 aqud
542 1949 846 1993 Ps.-Plutarch.
879 1949 1029 2001 Lasus,
1062 1948 1402 2004 Melanippides.
1455 1947 1650 1998 Quorum
1686 1960 1792 2003 poe-

152 2024 297 2067 tarum
332 2020 470 2065 Lasus
503 2024 546 2065 et
575 2020 773 2064 Telestes
816 2033 979 2064 novum
1021 2019 1246 2076 quoddam
1290 2021 1441 2075 poesis
1474 2032 1630 2075 genus,
1672 2019 1791 2074 quod

155 2091 356 2137 Pratinas
403 2091 726 2144 contemnebat,
775 2091 1087 2148 sequebantur,
1135 2103 1233 2134 cum
1280 2090 1605 2145 Melanippides
1653 2102 1794 2144 aeque

154 2175 207 2207 ac
224 2162 423 2208 Pratinas
457 2162 703 2218 simplicem
739 2175 921 2207 nomum
945 2162 1180 2206 auleticum
1205 2165 1384 2205 amaret.
1431 2160 1573 2210 Quare
1596 2160 1796 2209 afferam,

154 2234 272 2292 quae
302 2234 358 2278 ad
393 2233 476 2279 hoc
508 2237 727 2278 certamen
763 2235 983 2277 musicum
1019 2235 1218 2276 attinent.

144 2340 146 2343 f
276 2317 316 2363 1.
349 2316 408 2363 De
433 2317 543 2362 Laso
576 2317 740 2373 (floruit
775 2319 942 2361 circiter
968 2330 1086 2361 anno
1110 2315 1487 2373 quingentesimo)
1522 2315 1628 2360 haec
1663 2314 1795 2358 habet

155 2388 570 2435 Pseudo-Plutarch.
603 2401 696 2445 cap.
725 2388 900 2443 XXlX.³)

277 2566 302 2608 ¹)
330 2566 380 2602 De
408 2566 479 2602 hoc
506 2567 708 2602 certamine
737 2567 880 2601 musico
908 2565 954 2602 cf.
982 2566 1088 2601 Wilh.
1117 2565 1296 2605 Schmidt,
1334 2565 1496 2599 Diatribe
1525 2564 1560 2598 in
1589 2563 1797 2607 dithyram-

155 2625 258 2661 bum.
309 2625 426 2661 Berol.
454 2626 557 2661 1845.
601 2635 635 2670 p.
663 2626 733 2660 248
759 2635 839 2670 sqq.
894 2625 933 2662 U.
961 2626 1006 2660 de
1033 2625 1290 2666 Wilamowitz,
1325 2623 1388 2658 liin
1417 2623 1540 2658 altatt.
1568 2622 1795 2666 Epigramm.

156 2683 312 2720 uermes
339 2673 398 2720 xx
421 2684 558 2728 (1885),
585 2695 620 2730 p.
646 2685 712 2730 64;
738 2685 783 2720 67
811 2695 892 2730 sqq.
919 2684 1083 2727 crusius,
1112 2684 1146 2719 Ρ.
1162 2684 1214 2719 w.
1237 2684 1274 2720 R.
1294 2683 1331 2718 Ε.
1371 2683 1410 2725 v,
1439 2685 1470 2717 1.
1501 2683 1601 2723 1903,
1629 2692 1663 2726 p.
1694 2682 1795 2716 1223.

278 2745 304 2787 2¹)
332 2743 380 2779 ef.
407 2742 532 2787 fibert,
569 2744 632 2780 Die
660 2744 771 2779 Lehre
800 2754 887 2779 vom
914 2743 1030 2779 lithos
1063 2745 1099 2778 in
1135 2743 1198 2778 der
1228 2742 1365 2787 griech.
1394 2741 1530 2776 Musik.
1581 2741 1663 2785 Lpz.
1694 2741 1794 2775 1899.

51 2782 82 2825 ‘³³'
156 2802 194 2839 d.
219 2803 267 2839 60
292 2813 374 2848 sqq.
425 2803 610 2839 Plutarch.
637 2813 758 2848 symp.
787 2813 821 2847 p.
847 2803 918 2839 638
946 2803 982 2838 B.
1009 2803 1046 2839 C.

281 2863 310 2907 ³)
335 2862 451 2898 Lasus
478 2863 590 2898 etiam
617 2863 710 2899 alias
737 2863 920 2908 quasdam
949 2873 1071 2898 novas
1099 2872 1156 2897 res
1183 2863 1371 2896 invenisse
1399 2861 1553 2904 dicitur;
1588 2860 1634 2895 ci.
1663 2859 1796 2895 Suidas

154 2931 190 2960 s.
215 2932 250 2958 v.
277 2920 424 2958 Ainos-z
457 2921 603 2967 πρῶτος
627 2920 667 2956 δὲ
693 2912 794 2958 οὗτος
826 2925 910 2967 περὶ
945 2920 1116 2966 μουσικῆς
1148 2918 1256 2967 λόγον
1287 2922 1432 2967 ἔγριιιχνε,
1467 2923 1526 2952 καὶ
1562 2917 1798 2963 διθύραμβον

155 2981 208 3018 εἰς
249 2975 375 3028 α’γῶνα
419 2978 598 3028 εἰσήγαγε,
639 2985 698 3015 καὶ
741 2977 821 3017 τοὺς
855 2976 1048 3026 ἐριστικοὺς
1086 2977 1306 3026 εἰσηγήσατο
1338 2977 1468 3026 λόγοις.
1521 2978 1628 3020 Quod
1664 2977 1796 3013 Suidas
