1994 3236
136 331 177 374 p.
198 318 287 362 839
308 317 439 373 sqq).
482 317 677 368 Quorum
703 321 893 362 virorum
929 322 1326 362 commentationes
1351 321 1648 375 neglegendas
1673 335 1775 364 esse

137 391 258 445 puto,
290 390 394 443 quia
428 390 482 432 iis
516 390 861 433 commentarius
894 401 918 432 a
943 388 1062 433 Rabe
1095 389 1241 433 editus
1275 391 1472 434 nondum
1503 395 1593 434 erat
1626 397 1772 434 notus.

137 459 243 504 Post
283 459 405 504 illum
448 462 812 504 commentarium
858 460 1004 504 loann.
1048 460 1100 503 ad
1142 460 1462 516 Hermogenem
1513 462 1676 505 editum
1721 464 1775 506 de

138 531 225 575 illis
259 531 368 575 locis
401 531 615 583 dixerunt,
649 531 768 586 quod
804 533 954 583 sciam,
988 531 1221 584 Schmid,¹)
1256 532 1468 575 Dieterich
1495 534 1518 576 l.
1545 534 1582 584 1.,
1606 533 1774 587 ΚτοΙΙῤ)

136 602 196 646 Μ.
221 601 262 646 Ρ.
288 600 523 658 Nilsson.³)
571 601 751 646 Schmid
786 602 908 646 locos
933 601 1096 646 Suidae
1130 606 1170 646 et
1203 603 1410 646 Herodoti
1446 604 1600 647 refellit
1625 608 1776 647 nescio

136 683 225 728 qua
257 672 312 717 de
345 685 500 726 causa;
541 676 799 728 argumenta
843 686 958 717 nova
1002 686 1090 717 non
1124 674 1281 717 attulit.
1348 674 1462 722 Kroll
1509 677 1609 718 item
1653 676 1776 719 locos

137 743 238 789 illos
277 743 337 788 nil
378 746 467 788 veri
501 745 725 788 continere
758 748 893 799 putat.
957 743 1162 799 Scripsit:
1214 745 1308 798 „lch
1354 746 1471 789 lasse
1513 746 1774 789 absichtlich

133 815 208 860 die
255 814 596 864 Korinthischen
642 815 955 871 Dithyramben
1005 815 1085 859 des
1134 815 1264 860 Arion
1315 816 1405 859 und
1458 818 1528 860 die
1582 832 1770 871 τραγικω

132 882 256 942 χοροί
287 887 331 930 in
355 885 517 942 Sicyon
551 886 756 939 beiseite;
785 887 896 940 jene‚
929 887 1024 930 weil
1059 887 1130 930 die
1154 887 1279 931 Notiz
1315 888 1394 932 des
1429 887 1590 932 Suidas
1621 889 1777 932 unlilar

138 959 196 1002 ist
227 957 357 1014 (auch
391 957 503 1001 nach
538 957 683 1002 Rabes
717 957 974 1002 Anecdoton
1011 958 1089 1002 Rh.
1124 958 1240 1002 Mus.
1275 960 1344 1011 63,
1378 959 1578 1015 150.)“.⁴)

255 1039 342 1085 Sed
375 1042 586 1096 quoniam
621 1040 663 1084 hi
691 1055 729 1084 v.
752 1040 793 1083 d.
828 1045 1098 1096 argumenta,
1132 1052 1245 1096 quae
1278 1045 1538 1086 contrariam
1572 1043 1773 1086 fulcirent

136 1112 416 1164 sententiam,
463 1111 583 1155 nulla
625 1112 910 1167 protulerunt,
957 1125 1055 1155 cum
1107 1112 1319 1157 Dieterich
1370 1114 1455 1157 illis
1503 1117 1774 1158 testimoniis

134 1182 271 1227 fidem
307 1182 556 1226 habendam
591 1195 691 1226 esse
725 1187 843 1238 puto.

243 1265 366 1322 Ergo
398 1268 596 1321 apertum
631 1278 732 1309 esse
765 1266 937 1310 videtur
971 1269 1013 1310 in
1039 1267 1344 1323 Peloponneso
1378 1268 1462 1312 illis
1486 1268 1774 1324 temporibus,

135 1349 236 1382 cum
280 1336 478 1381 Pratinas
526 1338 719 1380 carmina
759 1336 901 1381 facere
945 1340 1100 1394 coepit,
1146 1332 1386 1394 τραγικόὺς
1416 1333 1567 1395 χοροί-ς
1611 1339 1775 1391 fuisse;

135 1419 324 1464 quorum
373 1409 574 1460 unicum,
621 1407 740 1462 quod
790 1407 921 1452 nobis
971 1413 1193 1453 servatum
1252 1414 1319 1454 est
1367 1410 1614 1466 exemplum
1666 1411 1771 1454 mihi

135 1478 317 1535 quidem
358 1478 531 1524 videtur
571 1491 672 1523 esse
706 1479 903 1524 Pratinae
946 1480 1051 1524 illud
1096 1481 1318 1525 eboricum
1354 1495 1540 1533 carmen,
1588 1482 1642 1526 de
1684 1494 1774 1536 quo

133 1550 283 1595 fusius
316 1551 503 1606 egimus.

255 1633 430 1690 Optime
478 1645 576 1677 cum
621 1634 702 1677 hac
743 1635 953 1689 opinione
1002 1638 1193 1679 concinit
1236 1636 1433 1680 Pratinae
1478 1641 1620 1690 aetas;
1670 1650 1771 1680 nam

136 1705 315 1751 saeculo
347 1708 474 1749 sexto
505 1717 542 1748 a.
575 1702 670 1748 Chr.
704 1717 745 1748 n.
781 1710 967 1750 exeunte
1007 1706 1183 1762 fabulae
1227 1710 1443 1763 saryricae
1483 1709 1549 1751 vel
1583 1710 1774 1763 tragicae

134 1789 159 1821 e
190 1776 339 1822 choris
370 1777 550 1832 tragicis
582 1775 797 1820 formatae
830 1789 930 1821 esse
964 1778 1178 1822 videntur.

253 1859 450 1915 Denique
482 1859 538 1902 de
569 1870 614 1901 re
647 1860 825 1902 metrica
868 1859 1000 1904 huius
1043 1864 1251 1905 carminis
1293 1875 1435 1917 agam.
1498 1862 1591 1912 Qua
1633 1862 1686 1905 de
1729 1875 1774 1905 re

136 1932 339 1988 scripturi
374 1941 548 1985 semper
589 1930 780 1985 cogitare
819 1930 1035 1975 debemus
1077 1935 1207 1976 etiam
1249 1935 1462 1976 musicam
1507 1934 1771 1989 permultum

136 2003 333 2048 valuisse
373 2005 421 2045 ut
463 2003 506 2044 in
547 2001 758 2046 omnibus
791 2002 978 2046 choricis
1021 2003 1291 2048 carminibus
1326 2006 1383 2047 ita
1418 2007 1460 2048 in
1496 2005 1577 2048 hoc
1612 2004 1774 2060 hypor-

136 2074 349 2120 chemate.
413 2073 468 2118 At
508 2087 606 2118 cum
648 2076 843 2118 musicae
882 2074 1146 2118 Graecorum
1189 2077 1372 2119 omnino
1414 2075 1520 2119 nihil
1565 2077 1774 2129 sciamus,

135 2149 185 2190 ut
205 2145 495 2190 wilamowitz
517 2146 677 2201 dixitj’)
699 2146 754 2190 de
777 2146 996 2202 rhythmis
1026 2146 1180 2189 horum
1205 2159 1412 2190 versuum
1437 2160 1535 2190 sum
1559 2147 1773 2191 dicturus.

256 2311 282 2354 ¹)
309 2310 477 2353 Schmid,
517 2309 650 2345 Gesch.
694 2311 757 2345 der
794 2312 931 2354 griech.
973 2311 1180 2346 Litteratur.
1241 2313 1368 2353 ‘’1908,
1421 2321 1455 2355 p.
1494 2313 1562 2346 205
1602 2323 1686 2346 ann.
1726 2314 1770 2353 ;3;

137 2377 173 2412 p.
198 2369 268 2404 266
294 2380 380 2406 ann.
407 2371 439 2406 2.

256 2428 284 2472 2)
312 2428 424 2472 Kroll,
451 2430 629 2466 Zeitschr.
657 2430 681 2464 f.
710 2430 743 2464 d.
772 2429 1118 2474 Gymnasialwesen
1150 2430 1250 2472 1909,
1279 2440 1314 2473 p.
1341 2431 1409 2465 233
1436 2441 1521 2465 ann.
1551 2431 1579 2465 l.

257 2487 287 2531 ⁸)
311 2487 472 2532 Nilssom
500 2489 596 2524 Neue
621 2489 779 2524 dahrbb.
810 2490 909 2531 191¹,
939 2499 971 2533 p.
999 2489 1081 2531 611,
1119 2499 1205 2524 ann.
1234 2490 1245 2521 1
1280 2489 1380 2524 illum
1410 2489 1558 2524 loannis
1586 2501 1771 2524 commen-

135 2547 220 2582 tarii
247 2548 418 2583 nuntium
446 2548 611 2584 refellere
639 2548 781 2583 studuit
810 2553 911 2583 ratus
938 2548 1000 2583 iilo
1032 2549 1250 2584 testimonio
1275 2548 1531 2592 ,‚trag0edias“
1555 2549 1771 2593 significari.

137 2605 239 2650 quod
265 2607 435 2651 equidem
463 2607 599 2643 falsum
627 2618 709 2643 esse
736 2618 883 2650 censeo,
911 2612 950 2643 ut
978 2617 1090 2652 supra
1118 2608 1280 2642 ostendi.

259 2666 288 2708 ⁴)
313 2665 450 2702 Tamen
477 2666 614 2702 choros
642 2668 677 2701 in
707 2667 965 2711 Peloponneso
998 2672 1103 2702 ortos
1129 2677 1211 2702 esse
1241 2667 1340 2703 Kroll
1369 2667 1390 2701 l.
1419 2668 1440 2701 l.
1467 2672 1593 2702 censet
1621 2669 1772 2717 dicens:

145 2723 366 2767 „Dorischer
393 2725 586 2770 Ursprung
613 2725 677 2760 der
703 2725 820 2761 Chore
850 2727 949 2761 steht
977 2727 1065 2761 aber
1091 2726 1175 2767 fest,
1215 2736 1278 2760 nur
1317 2726 1426 2761 sollte
1453 2737 1538 2762 man
1572 2727 1673 2761 nicht
1701 2727 1771 2761 den

141 2782 388 2826 „dorischen“
416 2783 560 2819 Dialekt
587 2784 651 2819 der
677 2784 891 2820 Chorlieder
917 2785 1026 2820 dafur
1052 2786 1108 2820 ins
1137 2785 1220 2820 Feld
1247 2784 1415 2822 fsshren.“

255 2843 283 2885 ⁶)
312 2842 351 2878 U.
380 2853 414 2878 v.
437 2843 580 2878 Wilam.
607 2843 823 2879 Timotheus
851 2844 988 2879 Perser.
1017 2845 1118 2887 1903,
1146 2855 1180 2888 p.
1209 2845 1273 2879 79:
1304 2844 1771 2889 ‚,SolcheWiderspriiche,

137 2900 196 2936 die
223 2900 302 2936 sich
330 2901 442 2937 leicht
470 2902 687 2937 vermehren
715 2903 850 2945 lassen,
889 2903 946 2938 die
983 2914 1027 2938 zu
1066 2903 1168 2938 losen
1209 2905 1298 2939 aber
1333 2915 1464 2939 unsere
1497 2904 1769 2939 vollkommene

137 2958 489 2996 Unbekanntschaft
518 2962 583 2996 mit
611 2961 675 2996 der
701 2962 799 2997 alten
826 2960 950 2997 Musik
983 2963 1197 2998 verwehrt.“
