1994 3236
952 230 996 233 --
1064 207 1120 248 58
1182 230 1237 234 ,-..

283 321 486 374 Welcker,
520 321 543 364 l.
568 322 590 364 l.
615 334 652 376 p.
684 322 770 364 308
793 325 887 377 sq.).
943 323 1051 377 Ergo
1084 323 1319 365 verisimile
1353 322 1521 365 videtur
1545 322 1740 367 Pratinae
1771 325 1898 367 sicuti

284 391 486 447 Aeschyli
521 391 694 435 fabulas
728 392 951 447 dialogum
987 392 1208 436 habuisse.

402 474 527 528 Apud
553 474 733 517 Suidam
768 478 810 516 et
843 474 906 517 Ps.
931 474 1141 517 Acronem
1177 478 1372 517 narratur
1391 475 1604 519 Pratinam
1631 477 1899 519 inventorem

284 544 493 587 dramatis
529 546 701 600 satyrici
735 544 900 593 fuisse;
951 547 1141 588 carmina
1177 545 1246 587 illa
1280 545 1406 588 Anth.
1441 545 1523 588 Pal.
1554 549 1771 589 testantur
1801 545 1901 588 Pra-

282 616 418 657 tinam
453 615 744 658 clarissimum
782 615 897 657 illius
930 617 1103 669 generis
1138 620 1308 670 poetam
1333 615 1485 658 fuisse.
1535 616 1680 671 ltaque
1702 619 1899 670 apertum

284 688 351 727 est
370 684 564 728 Pratinae
598 687 896 728 auctoritatem
933 687 974 727 in
1008 685 1170 727 tabulis
1205 687 1405 740 satyricis
1439 698 1720 740 permagnam
1747 684 1900 728 fuisse.

285 754 406 797 Nunc
432 754 621 798 fortasse
645 755 865 809 pervidere
890 767 1145 809 possumus,
1177 755 1400 810 quomodo
1420 754 1614 798 Pratinas
1638 767 1901 811 progressus

284 827 341 867 sit
375 827 416 867 in
440 825 602 868 fabulis
637 826 838 880 satyricis
872 825 1127 868 condendis.

401 907 596 949 Pratinas
653 909 842 949 carmina
891 907 1061 950 chorica
1111 909 1296 962 satyrica
1346 909 1368 950 i.
1411 920 1444 950 e.
1494 900 1716 961 τραγικοὺς
1752 900 1903 962 χορούς

282 977 395 1020 tecit.
459 977 572 1019 ldem
617 980 743 1031 poeta
784 976 958 1019 tabulas
1001 979 1225 1031 satyricas‚
1270 977 1421 1032 quales
1454 976 1698 1033 Aeschylus
1742 977 1902 1037 aliique

282 1049 431 1102 tragici
467 1050 620 1102 poetae
651 1046 790 1090 finxit.
840 1046 1028 1099 Accedit,
1060 1047 1176 1102 quod
1212 1049 1390 1101 saepius
1421 1046 1667 1090 fabularum
1693 1048 1903 1103 satyrica-

284 1130 377 1160 rum
413 1119 612 1160 inventor
644 1117 889 1172 appellatus
924 1120 1001 1160 est.

402 1200 547 1254 ltaque
586 1203 758 1243 constat
791 1199 1005 1242 Pratinam
1041 1199 1278 1242 Phliasium
1322 1201 1522 1243 iuvenem
1564 1192 1789 1254 τραγικοὺς
1829 1213 1902 1251 χο-

283 1263 378 1323 ρούς
395 1271 715 1324 composuisse,
737 1282 921 1324 quorum
942 1269 1026 1312 illis
1044 1269 1316 1324 temporibus
1337 1271 1379 1312 in
1399 1269 1701 1325 Peloponneso
1724 1273 1902 1325 septen-

282 1339 454 1383 trionali
501 1339 702 1394 permulti
751 1341 830 1383 orti
881 1352 981 1383 esse
1029 1340 1242 1383 videntur.
1315 1340 1482 1392 Postea,
1529 1352 1660 1395 quam
1707 1339 1902 1384 Athenas

282 1409 660 1464 transmigravit,¹)
712 1410 767 1453 ab
818 1410 901 1453 illis
948 1411 1170 1464 τραγικοῖς
1213 1411 1357 1465 χοροῖς
1403 1412 1618 1465 processit
1649 1409 1703 1453 ad
1737 1422 1900 1454 novum

284 1480 388 1523 illud
436 1493 578 1535 genus
625 1480 799 1524 fabulae
849 1482 1073 1536 satyricae,
1125 1481 1241 1536 quod
1292 1480 1472 1524 Athenis
1518 1480 1647 1535 paulo
1679 1483 1779 1524 ante
1812 1484 1902 1524 erat

283 1554 437 1594 ortum.
487 1550 543 1594 lbi
580 1553 629 1604 is,
663 1553 734 1606 qui
769 1551 988 1606 prioribus
1020 1551 1293 1606 temporibus
1319 1551 1498 1606 Dionysi
1534 1553 1697 1606 partem
1732 1550 1903 1606 agebat,

285 1622 417 1664 choro
451 1623 684 1676 oppositus
726 1624 816 1664 erat
849 1613 1131 1676 (ὑποκριτής).
1175 1620 1362 1676 Thespis
1387 1616 1563 1676 'primus
1597 1619 1708 1664 hanc
1741 1632 1900 1683 novam

284 1704 373 1734 rem
407 1691 611 1743 (lonicam
645 1688 761 1746 ῥῆσν)
795 1691 939 1735 choris
972 1692 1148 1746 tragicis
1181 1690 1409 1734 addidisse
1442 1690 1599 1734 dicitur
1630 1689 1762 1746 (534).
1809 1689 1901 1735 Hoc

285 1761 417 1804 modo
450 1760 647 1814 „tabulae
689 1763 901 1816 tragicae“
934 1766 1055 1805 erant
1103 1765 1232 1805 ortae.
1294 1761 1347 1804 At
1379 1761 1574 1805 nondum
1608 1761 1904 1816 „tragoediae‘·

283 1844 394 1887 quae
436 1832 651 1884 dicuntur,
689 1832 924 1887 Thespidis
963 1831 1236 1887 temporibus
1269 1831 1520 1886 agebantur.
1583 1831 1812 1887 Phrynichi
1861 1836 1903 1874 et

283 1901 485 1957 Aeschyli
531 1903 707 1945 demum
749 1901 1022 1957 temporibus
1056 1906 1223 1957 praeter
1253 1901 1428 1945 fabulas
1462 1902 1674 1960 satyricas
1707 1903 1750 1944 in
1784 1913 1903 1944 scae·

285 1984 384 2014 nam
419 1972 748 2015 deducebantur
779 1972 1087 2027 ‚‚tragoediae“.
1130 1971 1321 2023 (Aristot.
1356 1971 1469 2015 Poet.
1500 1971 1539 2015 4.
1573 1967 1637 2012 ἔτι
1668 1967 1716 2012 δὲ
1745 1963 1796 2012 τὸ
1823 1969 1902 2024 μέ-

283 2045 416 2096 γεθος
449 2039 497 2082 ἐκ
527 2040 691 2095 μικρῶν
721 2035 876 2094 μύθων
907 2041 980 2082 καὶ
1013 2040 1165 2093 λέξεως
1197 2038 1375 2096 γελοίοις,
1409 2035 1482 2082 διὰ
1514 2034 1563 2082 τὸ
1595 2037 1643 2081 ἑκ
1675 2038 1903 2095 σατυρικοῦ

282 2111 547 2165 μεταβαλεῖν,
583 2103 603 2152 (ἶ
620 2110 684 2162 11νὲ
717 2104 743 2152 ἆ
757 2129 791 2152 :c
803 2127 821 2153 ε
835 2125 861 2152 σ
871 2127 890 2153 ε
900 2129 928 2164 μ
946 2128 964 2151 ι’
975 2106 997 2153 ’ὗ
1007 2128 1027 2151 ν
1042 2114 1074 2153 5}
1087 2111 1141 2168 η.)

404 2195 611 2247 Pratinae,
653 2208 750 2237 cum
785 2195 978 2238 Athenas
1012 2197 1221 2247 venisset,
1252 2194 1427 2237 fabulae
1460 2194 1557 2237 illae
1589 2194 1813 2248 satyricae,
1858 2195 1902 2236 in

283 2265 445 2319 quibus
478 2268 597 2308 actor
629 2265 760 2308 choro
793 2267 1040 2320 opponitur,
1075 2267 1248 2319 ignotae
1279 2277 1379 2308 esse
1402 2277 1489 2307 non
1513 2266 1734 2318 poterant;
1766 2264 1903 2306 immo

283 2337 550 2387 auctoritate,
584 2348 668 2389 qua
701 2335 875 2378 fabulae
910 2335 1006 2378 illae
1037 2336 1225 2389 tragicae
1257 2334 1526 2382 fruebantur,
1561 2333 1780 2388 impulsus
1804 2332 1903 2375 Pra—

281 2406 398 2447 tinas
432 2417 607 2460 quoque
639 2408 826 2448 actorem
861 2405 992 2448 choro
1026 2417 1245 2459 opponere
1279 2406 1431 2458 coepit.

399 2486 453 2529 At
497 2487 751 2541 plerumque
793 2487 986 2530 nondum
1027 2486 1276 2541 tragoedias
1315 2487 1575 2541 composuit,
1615 2497 1797 2541 quarum
1832 2497 1903 2528 ar-

282 2560 539 2610 gumentum
600 2561 719 2599 esset
774 2569 904 2611 grave
963 2569 1012 2599 ac
1068 2558 1243 2610 serium,
1305 2568 1392 2611 quo
1439 2555 1572 2599 modo
1618 2554 1903 2611 Phrynichus,

281 2626 525 2681 Aeschylus
559 2630 600 2669 et
632 2629 704 2682 qui
739 2630 982 2682 sequuntur
1013 2628 1161 2681 tragici
1187 2630 1340 2681 poetae
1373 2639 1460 2669 rem
1497 2627 1790 2677 instituerunt,
1821 2624 1899 2668 sed

283 2698 475 2740 iocosam
511 2696 626 2739 illam
661 2697 777 2740 chori
811 2698 960 2752 tragici
995 2699 1179 2751 priorem
1214 2698 1425 2740 rationem
1467 2697 1667 2739 servavit.
1727 2694 1818 2738 flac
1849 2707 1901 2738 ex

400 2860 422 2901 ¹)
450 2858 568 2894 Etiam
588 2859 755 2902 Thespis,
782 2861 842 2903 qui
871 2861 1010 2903 primus
1037 2859 1314 2903 ‚‚tragoediam“
1342 2858 1538 2901 scripsisse
1557 2857 1701 2900 dicitur,
1728 2867 1802 2892 non
1821 2860 1902 2892 erat

283 2918 437 2952 Athenis
465 2921 595 2961 natus;
623 2919 740 2961 patria
770 2922 847 2952 erat
875 2918 998 2960 Icaria,
1027 2919 1048 2952 i.
1076 2928 1105 2953 e.
1133 2916 1242 2959 δῆμος
1268 2916 1424 2951 Atticus.
