1994 3236
935 211 1220 253 -56-

266 330 335 369 tur
382 330 474 370 orta
523 328 676 379 sunt,¹)
725 339 812 370 non
863 327 1005 370 solum
1065 329 1107 370 in
1154 327 1455 382 Peloponneso
1498 330 1760 377 invenimus.
1806 329 1884 374 sed

267 398 398 439 etiam
449 398 491 439 in
525 396 676 447 Attica,
724 396 918 440 Athenis.
983 396 1133 440 Denuo
1176 398 1259 440 hoc
1291 397 1603 452 demonstrare,
1649 399 1765 454 quod
1799 401 1885 442 iam

269 468 448 521 saepius
482 467 759 522 explanatum
810 470 876 510 est
920 479 943 509 a
978 481 1015 509 v.
1054 466 1105 519 d.,
1147 479 1519 522 supervacaneum
1568 481 1668 512 esse
1715 481 1886 513 censeo.

269 536 449 592 Dionysi
500 537 618 580 illum
669 537 960 580 clarissimum
1008 549 1198 589 „carrum
1234 538 1459 581 navalem“
1490 542 1660 582 tantum
1693 538 1887 592 afferam,

269 609 310 649 in
345 620 432 662 quo
465 607 575 650 deus
610 609 715 662 ipse,
748 620 876 662 quern
912 609 1045 662 satyri
1080 609 1354 660 comitantur,
1386 621 1461 663 per
1490 614 1627 652 totam
1661 608 1885 652 Graeciam

269 677 475 731 migrat.2)
538 677 728 725 Krollius
777 677 818 730 (l.
851 678 874 720 l.
908 690 946 732 p.
978 678 1082 730 232)
1130 678 1182 721 de
1232 678 1311 721 hac
1356 691 1399 721 re
1431 678 1560 721 dixit:
1611 678 1774 732 „Ueber
1805 678 1886 722 das

267 747 388 790 Meer
427 749 484 790 ist
527 748 602 791 der
634 747 737 791 Gott
776 748 1051 802 gekommen,
1099 747 1188 790 und
1232 760 1304 791 um
1338 749 1419 791 alle
1453 748 1691 792 Bewohner
1722 747 1886 792 Atticas

267 818 356 860 und
405 817 525 860 nicht
571 818 695 861 bloss
744 818 813 861 die
862 818 937 861 der
970 818 1391 866 Kiistenlandschaft
1431 820 1573 861 seiner
1618 817 1883 874 Segnungen

267 887 483 942 teilhaftig
514 888 686 931 werden
721 901 772 931 zu
807 889 968 939 lassen,
1001 887 1074 930 hat
1107 901 1151 931 er
1183 890 1276 931 sein
1301 887 1441 932 Schiff
1471 888 1546 932 auf
1571 890 1697 932 einen
1722 888 1885 944 Wagen

266 958 441 1012 gestellt
474 957 563 1000 und
596 958 711 1001 fahrt
744 970 833 1000 nun
867 958 932 1001 als
958 957 1155 1012 Spender
1187 957 1266 1001 des
1283 958 1458 1002 Weines
1483 958 1570 1002 und
1594 958 1671 1002 der
1693 957 1885 1002 Freuden

267 1040 353 1071 von
388 1027 463 1070 Ort
503 1040 555 1070 zu
590 1027 699 1070 Ort.“
763 1027 815 1070 Ut
860 1028 941 1071 hoc
983 1031 1251 1082 argumento,
1300 1030 1357 1070 ita
1400 1028 1548 1072 multis
1581 1028 1679 1072 aliis
1711 1028 1885 1072 ostendi

268 1100 413 1152 potest
448 1097 627 1153 Dionysi
672 1098 833 1141 cultum
876 1100 960 1140 iam
1005 1098 1142 1141 multo
1174 1101 1274 1141 ante
1308 1098 1522 1141 Pratinam
1557 1100 1600 1142 in
1634 1097 1772 1142 Attica
1803 1097 1887 1142 flo-

268 1169 422 1211 ruisse.
484 1168 678 1211 Welcker
725 1167 766 1222 (l.
812 1168 835 1210 l.
879 1180 917 1223 p.
950 1168 1035 1211 194
1069 1181 1175 1224 sqq.‚
1222 1167 1469 1212 Aufnahme
1516 1168 1594 1212 des
1643 1168 1886 1224 Dionysos-

266 1238 464 1281 dienstes
499 1240 541 1280 in
575 1238 645 1281 die
669 1237 1014 1293 Staatsreligion,
1047 1238 1365 1282 insbesondere
1387 1251 1439 1281 zu
1462 1236 1622 1293 Athen)
1654 1250 1750 1282 cum
1775 1240 1887 1281 hanc

268 1309 311 1350 in
345 1321 434 1351 rem
469 1310 786 1363 inquisivisset,
818 1321 894 1362 per
914 1312 1050 1352 totam
1076 1308 1299 1351 Graeciam
1336 1309 1419 1351 lam
1453 1314 1552 1352 ante
1586 1307 1657 1351 illa
1677 1311 1887 1364 tempora,

267 1378 429 1433 quibus
463 1378 658 1422 Pratinas
692 1378 865 1421 fabulas
899 1380 1159 1434 composuit,
1203 1378 1383 1434 Dionysi
1418 1378 1580 1422 cultum
1614 1378 1680 1422 vel
1714 1377 1887 1433 religio-

268 1461 366 1491 nem
402 1449 699 1504 pervulgatam
732 1448 873 1492 fuisse
906 1448 1148 1503 ostendit.3)

385 1518 658 1574 Quamquam
695 1519 874 1574 Dionysi
925 1519 1087 1562 cultum
1135 1522 1271 1562 totam
1316 1531 1390 1573 per
1430 1518 1614 1561 Atticam
1657 1519 1742 1561 iarn
1785 1521 1886 1562 ante

267 1589 483 1632 Pratinam
516 1589 657 1633 fuisse
690 1589 895 1642 vidimus,
935 1594 1082 1632 tamen
1131 1591 1367 1641 nescimus,
1406 1601 1509 1631 num
1543 1585 1738 1643 τραγικοὶ
1767 1584 1888 1643 χοροί

267 1662 339 1715 qui
375 1660 578 1702 dicuntur
623 1660 707 1702 illic
738 1659 916 1712 fuerint3
959 1672 1058 1702 nam
1095 1661 1353 1714 scriptorum
1389 1659 1768 1715 Graecorumsqui
1802 1658 1886 1702 huc

267 1734 468 1784 spectant
515 1730 635 1773 locos
683 1743 770 1773 non
820 1730 1047 1773 habemus.
1124 1730 1177 1772 At
1222 1732 1264 1772 in
1311 1729 1613 1784 Peloponneso
1667 1729 1884 1773 eiusmodi

264 1799 379 1854 χοροὶ
414 1797 610 1855 τραγικοί
643 1800 727 1843 illis
759 1800 1032 1855 temporibus
1066 1803 1198 1853 erant,
1231 1799 1348 1855 quod
1381 1800 1608 1854 explanavi
1642 1811 1681 1854 p.
1709 1799 1766 1843 43
1790 1798 1914 1855 sqq.'

267 1871 368 1913 ltem
424 1883 554 1926 supra
607 1870 955 1914 demonstratum
999 1874 1064 1913 est
1107 1870 1302 1913 Pratinae
1354 1882 1525 1913 carmen
1574 1869 1780 1912 traditum
1829 1868 1885 1912 ab

267 1941 420 1984 Athen.
451 1941 554 1994 XlV,
588 1954 627 1995 p.
659 1940 743 1983 617
778 1940 808 1982 B
841 1953 934 1996 sqq.
968 1941 1084 1983 illius
1115 1942 1289 1995 generis
1322 1953 1433 1983 esse.

384 2011 524 2062 Quare
566 2014 648 2054 iam
691 2012 928 2054 diiudicare
973 2012 1082 2063 licet,
1129 2023 1258 2066 quem
1305 2011 1446 2054 locum
1490 2009 1689 2053 Pratinas
1725 2009 1884 2054 habeat

269 2084 310 2125 in
355 2083 426 2125 illo
469 2084 682 2137 satyricae
724 2083 873 2137 poesis
917 2094 1086 2136 genere.
1148 2081 1227 2124 His
1269 2080 1445 2136 quidem
1489 2080 1596 2123 locis
1628 2079 1682 2123 de
1714 2079 1884 2123 Pratina

268 2156 396 2207 poeta
429 2154 617 2207 satyrico
652 2164 795 2195 sermo
829 2156 906 2195 est.

384 2329 408 2367 ¹)
447 2327 499 2362 W.
529 2327 639 2368 Kroll,
668 2327 857 2370 Ursprung
896 2326 960 2360 des
988 2327 1159 2369 Dramas;
1198 2325 1409 2360 Zeitschrift
1447 2325 1504 2360 fiir
1543 2325 1608 2360 das
1650 2325 1886 2370 Gymnasial·

267 2395 399 2428 wesen,
427 2387 528 2420 1909.
567 2405 612 2409 ——
649 2384 690 2419 A.
718 2385 910 2427 Dieterich,
951 2385 1012 2419 Die
1040 2384 1271 2427 Entstehung
1307 2384 1371 2419 der
1402 2383 1615 2428 Tragoedie,
1655 2383 1790 2419 Archiv
1825 2383 1884 2418 fur

269 2443 720 2488 Religionswissenschaft
752 2443 804 2486 Xl,
834 2444 936 2478 1908.

386 2515 411 2558 ²)
438 2514 537 2549 Ferd.
566 2514 759 2555 Dtimmler‚
799 2513 994 2548 Scenische
1022 2513 1281 2557 Vasenbilder;
1322 2513 1445 2550 Kleine
1473 2512 1667 2555 Schriften,
1707 2512 1760 2555 ΙΙΙ,
1800 2512 1882 2557 Lpz.

269 2573 370 2615 1901,
398 2582 432 2616 p.
459 2573 503 2606 26
531 2583 610 2616 sqq.

385 2642 414 2686 ³)
441 2642 535 2677 [dem
564 2643 647 2677 Levi
676 2643 763 2677 dicit
790 2642 827 2685 (1.
854 2642 875 2676 l.
902 2652 936 2686 p.
963 2643 1064 2683 210):
1103 2642 1139 2676 ln
1173 2642 1277 2686 quasi
1313 2645 1408 2676 tutte
1443 2642 1474 2676 le
1501 2642 1589 2676 citta
1617 2641 1712 2677 della
1740 2640 1882 2683 Grecia,

269 2702 364 2736 dove
403 2701 535 2736 fioriva
574 2701 595 2735 il
623 2702 723 2736 culto
758 2702 791 2736 di
833 2701 998 2742 Dioniso,
1038 2701 1072 2734 vi
1100 2700 1234 2735 furono
1263 2701 1360 2735 canti
1390 2699 1553 2735 bacchici
1579 2710 1598 2734 e
1626 2699 1825 2742 ditirambi,
1862 2710 1881 2734 e

268 2759 551 2804 specialemente
578 2760 658 2794 nell'
687 2759 819 2802 Attica,
857 2759 949 2794 nella
978 2759 1120 2801 Beozia,
1155 2769 1174 2794 a
1203 2758 1367 2800 Corinto,
1405 2769 1424 2793 a
1453 2758 1609 2800 Sicione,
1635 2769 1655 2794 a
1683 2758 1832 2800 munte,
1860 2769 1880 2792 a

268 2818 385 2853 Nasso
412 2828 430 2853 e
463 2829 483 2853 a
511 2818 618 2853 Taso.
669 2817 721 2853 Cf.
749 2818 789 2855 Κ.
817 2817 858 2852 Ο.
888 2817 1027 2860 muller,
1055 2817 1198 2852 Griech.
1226 2817 1531 2861 Literaturgesch.
1557 2826 1592 2860 p.
1617 2817 1674 2852 38.
1700 2835 1743 2841 --
1770 2815 1881 2852 Mart.

269 2877 302 2911 Ρ.
321 2876 480 2919 Nilsson,
508 2877 578 2911 Der
597 2876 786 2920 Ursprung
812 2877 876 2911 der
891 2876 1104 2920 Tragoedie.
1153 2875 1204 2912 lll.
1234 2875 1548 2919 Dionysuskultus
1574 2874 1648 2910 und
1666 2873 1880 2918 Tragoedie.

269 2935 363 2970 Neue
389 2935 620 2969 ‹Jahrblicher
645 2934 668 2968 f.
697 2935 729 2968 d.
758 2935 803 2968 kl.
832 2934 958 2968 Altert.
1011 2935 1112 2972 1911,
1141 2944 1173 2976 p.
1199 2935 1268 2967 673
1295 2944 1374 2976 sqq.
