1994 3236
966 245 1012 249 -
1077 221 1134 262 36

298 335 376 391 (Cf.
414 349 451 391 p.
485 338 541 380 47
567 337 659 391 sq.).
713 337 788 379 Vs.
814 337 883 380 13.
937 336 1144 379 Codicum
1186 338 1394 380 lectiones
1428 337 1508 380 hae
1541 341 1665 381 sunt:
1711 337 1921 392 Optimus

298 407 391 450 cod.
414 407 448 450 Α
483 407 613 451 habet
644 406 1403 461 λαλοβαριιοπαραμελορι·ι’]μοβαταν,
1439 410 1539 450 item
1574 407 1694 456 PVL3
1727 408 1758 451 Ε
1788 406 1915 448 λαλο-

297 477 922 532 βαριιῑαραμελορυι’]χιιορἐεταν.
972 477 1083 527 Quid
1109 481 1235 531 poeta
1270 477 1352 521 hOC
1375 478 1469 521 lOCO
1494 478 1705 532 scripsit?
1754 477 1922 521 Lectio-

300 560 380 590 nes
413 548 596 591 traditas
631 551 821 603 integras
855 560 943 591 non
977 561 1076 591 esse
1110 552 1300 601 apparet.
1357 548 1398 590 ld
1432 551 1629 601 apertum
1663 560 1764 591 esse
1795 548 1922 591 vide-

300 621 380 670 tur,
414 622 459 660 ut
492 632 619 662 versu
654 618 938 673 praecedente
972 620 1028 661 ita
1063 619 1144 661 hoc
1177 631 1305 661 versu
1340 622 1512 671 poetam
1553 620 1748 661 convicia
1780 620 1922 672 scrip-

301 690 427 732 sisse.
491 688 711 743 Syllabam
755 702 885 731 unam
930 689 994 731 vel
1045 689 1291 742 complures
1341 689 1558 732 excidisse
1606 692 1725 732 ratus
1767 688 1920 736 Kaibel

300 761 460 812 recepit
497 752 802 811 λαλοβαρύοπα
842 773 849 780 ·
886 773 893 779 ·
930 773 937 780 ·
974 773 981 780 ·
1014 752 1421 812 Ιιιελοριθμ(η’)’ωἰιανς
1455 759 1621 802 Wilam.
1664 758 1770 802 nihil
1804 761 1923 802 exci-

300 829 421 872 disse
455 833 573 872 ratus
607 829 802 884 syllabas
833 831 929 884 ρἀρι
936 843 1115 852 ·····
1145 831 1329 872 mutavit
1370 831 1411 871 in
1457 827 1922 884 <βραδυπα>ραμελορς

300 899 382 943 hoc
415 899 546 943 modo
589 912 673 943 vox
714 901 859 951 oritur,
900 912 1029 954 quarn
1063 910 1304 952 componas
1349 912 1447 942 cum
1483 892 1789 955 βραόυπευθής
1825 897 1915 954 (qui

298 969 419 1013 tarde
462 969 664 1021 auditur),
712 962 1013 1024 βραὸυῑεειθ-ἡς
1052 970 1141 1024 (qui
1193 969 1314 1012 tarde
1366 969 1449 1012 sibi
1494 969 1743 1023 persuaderi
1784 969 1924 1023 sinit).

300 1039 353 1082 At
400 1040 660 1082 adiectivum
703 1032 861 1091 βραόὑς
907 1039 976 1082 hic
1028 1041 1209 1082 omnino
1266 1042 1333 1082 est
1383 1041 1599 1092 ineptum,
1649 1039 1721 1082 ubi
1770 1040 1922 1083 omnia,

302 1111 467 1152 vivacia
513 1113 626 1152 sunt.
692 1109 919 1163 Ingeniose
962 1109 1099 1164 Bergk
1131 1109 1380 1152 emendavit
1425 1102 1731 1164 λαλοβαρώπα
1777 1123 1917 1163 παρα-

298 1173 696 1233 Διιελορυθῃιοβάταιν.
774 1179 1053 1234 Neglegentia
1102 1192 1264 1231 eorum,
1314 1181 1386 1234 qui
1426 1179 1598 1223 codices
1638 1181 1924 1233 scripserunt,

302 1250 435 1293 semel
471 1249 638 1305 syllaba
668 1265 769 1298 πω,
804 1262 915 1304 quae
947 1249 1015 1292 bis
1048 1252 1241 1302 occurrit,
1275 1249 1479 1293 facillime
1511 1250 1706 1293 excidere
1740 1252 1924 1303 poterat.

302 1320 423 1370 Quae
457 1320 582 1363 lectio
611 1322 774 1373 optime
798 1322 855 1363 rei
881 1322 1082 1363 metricae
1106 1323 1172 1363 est
1194 1319 1412 1374 adaptata.
1447 1318 1524 1375 (Cf.
1548 1330 1586 1373 p.
1607 1319 1694 1374 48.)

419 1405 456 1433 v.
490 1390 557 1432 14.
622 1391 745 1433 lnitio
794 1390 925 1433 huius
974 1403 1128 1433 versus
1178 1392 1306 1429 &mm
1352 1394 1417 1433 est
1462 1390 1684 1433 traditum.
1751 1390 1923 1434 Wilam.

303 1464 426 1513 putat
467 1461 548 1504 hoc
591 1461 685 1504 loco
728 1459 1055 1503 substantivum
1099 1462 1308 1514 scriptum
1350 1459 1512 1510 fuisse3
1563 1461 1739 1514 scripsit
1778 1456 1924 1500 θιῦπα

302 1531 342 1583 (ἰ.
377 1544 410 1574 e.
443 1524 603 1584 κόλαξ),
651 1531 767 1585 quod
815 1532 974 1584 recepit
1008 1530 1171 1578 Kaibel.
1236 1531 1327 1573 Hoc
1361 1534 1483 1581 recte,
1532 1534 1578 1573 ut
1612 1534 1730 1584 puto,
1773 1531 1919 1573 reiecit

303 1601 467 1653 Girard,
501 1601 524 1644 l.
558 1602 582 1643 l.
619 1612 658 1654 p.
687 1601 769 1643 136
802 1601 976 1644 dicens:
1011 1599 1187 1654 ‚‚(Ce.tte)
1221 1602 1466 1644 coniecture
1499 1613 1522 1643 a
1556 1600 1593 1643 le
1623 1604 1710 1643 tort
1739 1599 1924 1644 d’intro-

305 1672 427 1714 duire
460 1672 572 1714 dans
606 1672 644 1714 le
668 1684 868 1714 morceau
894 1684 978 1714 une
1003 1671 1096 1714 ide'e
1120 1671 1283 1714 morale
1306 1673 1378 1726 qui
1403 1670 1473 1725 n’y
1495 1683 1519 1713 a
1543 1681 1627 1724 que
1649 1670 1790 1714 faire.“
1843 1667 1941 1713 Gi<

301 1741 396 1784 rard
442 1743 670 1795 proposuit
703 1739 824 1796 σῆῑεα
867 1743 909 1793 (i.
945 1755 979 1784 e.
1015 1742 1293 1795 serpentem).
1358 1740 1512 1783 Addit:
1554 1740 1774 1793 „Pratinas
1815 1740 1920 1783 etait

303 1811 416 1854 donc
465 1811 539 1854 sur
587 1811 716 1854 d'etre
767 1813 956 1864 compris
1006 1825 1056 1854 en
1107 1815 1360 1864 comparant
1408 1812 1446 1853 la
1483 1810 1590 1854 flute
1623 1811 1647 1854 a
1679 1814 1789 1854 cette
1821 1810 1921 1853 bete

305 1881 592 1934 malfaisante‚
636 1883 708 1936 qui
749 1881 858 1924 n’est
902 1882 1042 1924 meme
1077 1893 1167 1934 pas,
1211 1883 1275 1930 ici,
1316 1894 1368 1924 en
1403 1881 1521 1924 chair
1553 1884 1594 1924 et
1626 1894 1678 1925 en
1713 1893 1764 1924 os
1799 1881 1918 1933 (τρυ-

303 1945 429 2006 πάνῳ
470 1949 602 2004 δέμας
647 1950 991 2004 πεπλαοῄιιίςίΌιψ,
1046 1953 1243 2005 ajoutant
1291 1963 1366 2005 par
1413 1952 1452 1994 lii
1500 1952 1538 1994 le
1586 1951 1763 1994 ridicule
1806 1956 1831 1994 Ξί
1878 1950 1918 1993 la

304 2023 579 2077 repugnance
624 2026 665 2065 et
705 2022 729 2064 a
763 2022 802 2064 la
843 2024 1004 2065 crainte
1045 2021 1320 2077 qu'inspirait
1354 2034 1435 2065 son
1470 2022 1563 2065 seul
1597 2022 1736 2066 nom.“
1798 2019 1918 2071 Quae

303 2094 532 2146 explicatio
556 2092 660 2135 mihi
687 2094 832 2145 inepta
857 2105 955 2135 esse
980 2092 1161 2135 videtur.
1211 2091 1420 2147 Equidem
1447 2095 1550 2145 puto
1574 2091 1741 2146 Bergkii
1768 2103 1923 2135 emen-

305 2163 524 2205 dationem
562 2154 606 2202 θ’)
639 2155 749 2202 ὑπαί
780 2166 937 2205 rectam
964 2175 1074 2213 esse,
1103 2174 1213 2216 quae
1239 2161 1443 2204 facillime
1467 2174 1488 2204 e
1512 2161 1710 2205 codicum
1734 2161 1923 2204 lectione·

304 2234 472 2275 restitui
508 2235 662 2286 possit,
704 2245 800 2275 cum
836 2247 851 2271 ι
883 2233 1004 2274 litera
1036 2235 1205 2274 tantum
1247 2233 1304 2274 sit
1336 2231 1550 2274 addenda.
1614 2230 1782 2274 Girardi
1815 2242 1923 2274 vero

305 2302 430 2345 lectio
465 2302 668 2355 postulat,
701 2306 747 2344 ut
779 2301 890 2344 duae
924 2303 1069 2345 literae
1103 2314 1200 2344 cum
1233 2302 1331 2344 aliis
1365 2301 1500 2344 literis
1523 2304 1856 2344 commutentur.

423 2372 611 2415 Breviter
648 2372 788 2414 dicam
823 2372 1032 2414 nonnulla
1074 2371 1127 2414 de
1169 2371 1395 2414 vocabulis
1435 2371 1722 2426 complurium
1759 2383 1916 2414 vocum

304 2444 623 2496 compositione
655 2442 866 2494 formatis,
898 2454 1010 2497 quae
1042 2441 1124 2485 hoc
1157 2441 1352 2484 Pratinae
1385 2441 1480 2484 loco
1513 2445 1754 2486 occurrunt.

422 2525 485 2556 vs.
518 2512 585 2554 12.
648 2504 1054 2563 ὁλοσιαλοκάλαμον,
1090 2514 1113 2553 i.
1149 2525 1183 2554 e.
1216 2511 1349 2554 tibiae
1383 2511 1519 2554 saliva
1553 2511 1804 2566 completae.

422 2596 485 2625 VS.
521 2582 589 2625 13.
651 2574 967 2636 λαλοβαριύπα,
1010 2583 1032 2626 i,
1066 2595 1100 2624 e.
1135 2582 1347 2636 garrulus,
1398 2574 1921 2637 παραμελορυθμοβάταν,

306 2654 329 2697 i.
362 2666 396 2696 e.
429 2654 582 2695 cantici
617 2652 845 2707 rhythmos
879 2652 1263 2706 praetergrediens.

423 2722 679 2765 Aristoteles
713 2722 844 2765 huius
876 2724 1048 2777 generis
1081 2732 1211 2765 voces
1246 2723 1459 2776 imprimis
1494 2719 1784 2776 dithyrambis
1817 2733 1923 2763 esse·

306 2795 431 2847 aptas
465 2792 568 2835 dicit
600 2792 715 2836 Poet.
749 2792 818 2834 22.
886 2789 964 2831 [ὦν
996 2782 1212 2844 ὀνομάτων
1242 2785 1295 2832 τὰ
1327 2789 1464 2832 διπλᾶ
1494 2785 1683 2843 μάλιστα
1717 2782 1918 2845 ἁρμόττει

305 2864 396 2911 τοῖς
449 2855 750 2916 διθυράμβοις.
830 2862 889 2906 Re
935 2874 1034 2905 vera
1083 2861 1345 2905 Philoxenus
1391 2865 1432 2905 et
1477 2861 1733 2905 Timotheus
1785 2860 1921 2904 huius

305 2934 477 2987 generis
511 2932 722 2976 vocabula
755 2932 928 2984 habent,
962 2944 1145 2986 quorum
1181 2932 1388 2974 nonnulla
1421 2931 1623 2974 afferam:
