1994 3236
782 259 828 263 ‚³
895 233 949 277 51
1017 259 1067 263 ,-

30 359 31 362 ’
68 416 70 418 ,
101 367 327 418 narratum
377 366 661 408 nominantur
701 366 760 418 (p.
793 365 879 408 624
913 364 1025 421 sqq.)
1064 364 1257 418 Alcman,
1299 365 1546 419 Hipponax,
1589 366 1739 416 Lasus,

105 434 319 489 Pratinas,
366 434 578 489 Ananias,
611 435 885 491 Pythermus.
951 435 1002 479 Ut
1050 448 1225 479 carmen
1260 436 1284 489 l,
1330 438 1388 479 ita
1436 435 1518 480 hoc
1562 449 1737 492 quoque

100 505 402 562 fragmentum
448 506 503 550 ad
549 519 638 550 rem
688 508 903 550 musicam
947 509 1135 560 spectat;
1189 519 1286 550 cum
1329 506 1414 550 illis
1448 507 1653 550 versibus
1686 507 1740 549 de

99 575 231 620 >tibiis
263 579 306 621 et
337 580 468 623 cantu
502 580 631 631 poeta
664 577 792 630 dicat,
825 577 907 621 hoc
941 577 1036 621 loco
1070 577 1123 620 de
1157 579 1287 620 cantu
1320 580 1491 620 tantum
1526 577 1738 620 nonnulla

103 646 294 702 profem
343 649 470 692 cuius
501 649 676 704 generis
710 647 793 692 hoc
833 660 1006 692 carmen
1049 647 1191 701 fuerit,
1234 650 1480 703 perspicere
1513 660 1601 691 non
1636 659 1742 702 pos-

102 730 280 763 sumus.
296 717 328 774 ¹)

21 847 29 851 -
226 800 427 846 Musicae
474 795 668 846 rationes
709 802 808 846 aliis
852 815 1028 858 quoque
1070 803 1178 846 locis
1222 795 1410 843 σύντονοι
1455 802 1742 856 appellantur.

27 923 29 926 y
101 870 204 916 Eur.
225 871 378 916 Bacch.
394 871 482 916 126
503 866 688 928 συντόνῳ
710 865 874 929 ἡόυβὸιιι
903 863 1041 914 abac&
1070 868 1307 927 πνείχιιατις
1339 872 1467 917 Arist.
1488 873 1572 927 pol.
1593 873 1631 925 8,
1656 872 1692 925 7,
1716 873 1741 915 7

107 939 194 983 τῶν
227 939 368 995 μελῶν
404 936 459 984 τὰ
490 937 688 993 (furrow,-
739 944 779 996 8,
821 944 859 997 7,
900 943 957 987 10
997 938 1196 994 σύντονος
1234 937 1442 999 ἁρμονίας
1494 944 1600 987 Plut.
1634 956 1740 987 mor.

102 1024 150 1068 p.
181 1012 269 1058 793
301 1013 346 1068 B,
376 1014 404 1058 2
446 1007 644 1065 σύντονος
674 1009 790 1070 λύρα.
856 1015 1033 1060 Necnon
1077 1028 1234 1060 vocum
1275 1017 1501 1070 oppositio
1545 1008 1742 1063 σύντονος

23 1071 30 1123 ’ὲ
101 1087 152 1128 et
182 1075 379 1142 ἀνειμένη
421 1087 651 1130 invenitur.
714 1086 843 1130 Arist.
885 1087 969 1141 pol.
1002 1086 1040 1139 4,
1073 1087 1111 1136 3,
1144 1087 1171 1130 5
1205 1090 1491 1141 opponuntur
1534 1079 1743 1126 ουντοιίεἰ-

107 1169 225 1211 τεραι
266 1147 465 1212 ἁρμονίαι
516 1154 591 1214 τῆς
632 1151 802 1207 πόλεως
840 1158 1096 1210 harmoniis,
1145 1170 1256 1214 quae
1289 1157 1494 1201 dicuntur
1526 1148 1742 1209 ιέινειμίιναι

26 1259 30 1262 .
103 1224 183 1267 καὶ
214 1223 410 1280 μαλακαί
413 1260 422 1268 .

229 1297 382 1343 Restat
412 1299 708 1356 fragmentum
745 1304 966 1344 servatum
1001 1299 1057 1343 ab
1090 1299 1245 1344 Athen.
1278 1300 1380 1353 XlV,
1414 1311 1452 1353 p.
1485 1299 1571 1342 633
1605 1298 1651 1341 A.

322 1363 495 1411 Λάκωι
526 1363 549 1411 ὃ
580 1369 725 1423 vestet}
753 1362 926 1422 extimos
959 1369 1003 1421 ἐς
1032 1365 1168 1428 χορόν.

323 1512 734 1570 flendecasyllabus
767 1513 981 1558 Alcaicus.

228 1582 322 1628 Hoc
357 1596 538 1641 quoque
579 1585 675 1629 loco
709 1585 962 1630 Athenaeus
1005 1586 1059 1629 de
1102 1587 1272 1629 musica
1313 1586 1523 1639 disputat.
1587 1583 1639 1627 Ut
1672 1597 1745 1627 ex-

106 1652 262 1709 planet
285 1652 656 1700 Lacedaemonios
690 1658 880 1700 maxime
913 1658 955 1700 in
990 1670 1034 1700 re
1069 1658 1238 1701 musica
1266 1659 1468 1700 versatos
1493 1669 1606 1707 esse,
1629 1655 1746 1698 hunc

105 1723 311 1771 Pratinae
342 1738 519 1770 versum
553 1726 693 1771 affert.
756 1726 870 1778 Quid
915 1731 1042 1782 poeta
1083 1728 1152 1772 his
1192 1727 1339 1772 verbis
1373 1727 1516 1771 dicere
1549 1727 1746 1777 voluerit,

106 1796 262 1840 statim
296 1797 738 1852 comprehendemus,
778 1801 814 1841 si
851 1810 926 1853 per
965 1801 1272 1856 antIquitatem
1313 1800 1498 1851 saepius
1533 1798 1588 1841 de
1633 1799 1748 1840 cica-

103 1865 267 1911 darum
299 1871 431 1912 cantu
455 1872 677 1912 narratum
696 1882 797 1914 esse
820 1870 1075 1923 viderimus,
1107 1883 1237 1927 quem
1271 1870 1611 1926 pulcherrimum
1646 1882 1748 1912 esse

107 1934 265 1983 Graeci
299 1939 624 1984 existimabant.
689 1941 774 1984 lam
809 1941 926 1996 apud
962 1941 1238 1986 Simonidem
1272 1941 1454 1997 lyricum
1489 1940 1578 1984 duo
1613 1939 1747 1983 habe-

109 2018 217 2052 mus
245 2007 492 2065 fragmenta
525 2011 610 2054 huc
644 2014 919 2066 pertinentia,
951 2012 1025 2056 ubi
1060 2012 1307 2056 cicadarum
1344 2025 1484 2056 sonus
1519 2013 1750 2064 componi-

38 2074 42 2082 ”
106 2081 184 2123 tur
214 2091 314 2124 curn
347 2084 479 2125 cantu
514 2081 756 2126 hominum.

233 2161 401 2208 Simon.
433 2164 520 2208 164
553 2164 697 2221 [231]:

328 2233 447 2292 Φημὶ
478 2229 552 2276 τὸν
584 2228 660 2278 οὐκ
693 2234 905 2278 ἐθέλοντα
937 2235 1082 2294 φέρειν
1117 2235 1307 2293 τέττιγος
1338 2229 1501 2279 ἄεθλον

325 2302 388 2362 τῷ
421 2300 715 2364 Πανοπηιάδῃ
747 2301 903 2349 δώσειν
931 2306 1044 2364 μέγα
1076 2308 1254 2350 δεῖπνον
1284 2300 1445 2365 Ἐπειῷ
1462 2309 1493 2365 2)

234 2375 393 2421 Prioris
425 2389 583 2423 versus
617 2379 953 2433 explicationem
988 2380 1111 2424 addit
1143 2380 1297 2424 Athen.
1325 2380 1370 2435 Χ,
1406 2392 1445 2435 p.
1480 2382 1567 2425 456
1593 2381 1624 2425 Ε
1656 2382 1748 2436 (ubi

35 2438 38 2446 ⁴
108 2445 200 2491 hoc
229 2445 384 2504 fragm.
414 2448 623 2492 traditum
658 2449 894 2504 est):za13
927 2444 1034 2492 εἶναι
1067 2445 1142 2492 τοι
1177 2449 1258 2504 μὲν
1299 2443 1346 2492 οὗ
1378 2450 1565 2509 (seboim
1595 2446 1645 2493 τὸ
1678 2450 1752 2493 rof·

38 2553 43 2556 .
113 2514 310 2574 τέττιγος
338 2508 502 2560 ἄεθλον
531 2513 607 2560 τὸν
639 2512 714 2562 οἰκ
748 2518 959 2562 ἐθέλοντα
991 2511 1121 2578 ᾅδειι.

214 2599 268 2645 Ut
293 2613 347 2646 ex
373 2600 584 2647 Athenaei
614 2603 709 2648 loco
739 2609 932 2658 apparet,
966 2604 1221 2650 Simonides
1246 2606 1300 2651 de
1325 2611 1456 2652 cantu
1484 2608 1602 2653 chori
1627 2609 1751 2652 dicit:

38 2799 47 2812 ι,
81 2807 83 2810 Α
236 2764 406 2806 ¹›Codd.
434 2767 474 2802 A.
502 2767 539 2802 B.
567 2765 911 2808 habent‹1‘013‹i;i³
933 2771 1000 2805 VL
1028 2767 1168 2805 ᾰοιδάι.
1210 2772 1312 2808 flart.
1327 2773 1492 2818 Westph.
1521 2776 1751 2819 scripserunt

110 2814 464 2870 «ωδολαβράκταις;
499 2827 628 2872 Bergk,
657 2827 795 2871 Kaibel,
822 2829 974 2865 Crusius
1001 2825 1108 2864 ἀοιδὰ
1133 2829 1372 2878 Zasspnmmffi
1411 2833 1523 2868 Mein.
1552 2835 1752 2878 proposuit

50 2935 60 2939 ,‚
111 2873 254 2918 α’ωδοῖσ
276 2881 504 2928 λαβράκταις.

237 2942 267 2987 ²)
293 2941 389 2984 Quid
428 2944 616 2989 significet
658 2956 788 2982 versus
827 2948 921 2983 alter
958 2949 1159 2993 explanare
1189 2961 1266 2986 mea
1295 2962 1369 2987 non
1397 2954 1574 2996 interest:
1611 2954 1654 2989 de
1683 2955 1751 2989 hac

114 3008 157 3034 ee
183 2999 231 3036 cf.
258 3000 386 3047 Bergk,
414 3002 437 3037 l.
462 3003 485 3037 l.
512 3014 546 3047 p.
574 3005 652 3039 507.

1495 3061 1539 3094 1
