1994 3236
806 193 1093 235 -81-

130 308 292 354 dicitur
322 309 378 354 de
408 308 529 353 tibia.
592 310 636 353 ln
670 310 942 354 carminibus
976 310 1092 354 hom.
1134 321 1211 364 pro
1258 310 1416 354 saltare
1461 311 1636 355 saltatio
1681 311 1770 355 sal-

130 381 247 427 tator
286 377 446 436 legitur
486 370 691 435 ὂρχέομαι
738 379 928 436 (saepe);
975 371 1221 437 ὂρχηθμός;
1268 372 1493 437 ὀρχηστύςς
1541 373 1773 438 ὄρχηστήρ;

132 442 350 507 ὀρχηστύς.
413 450 458 495 ln
490 453 757 507 tragicorum
792 464 997 495 sermone
1030 463 1182 495 vocem
1216 442 1422 506 ὀρχὲομαι
1455 464 1543 496 non
1568 454 1767 497 invenies

131 524 317 577 excepto
350 534 440 566 uno
472 520 823 578 Aeschyliioco,
857 521 931 566 ubi
965 522 1178 566 translate
1217 526 1429 577 usurpata
1463 527 1543 576 est,
1576 521 1650 568 Ch.
1682 523 1766 567 167

133 583 323 647 ὀρχεῖται
354 589 404 634 δὲ
434 588 594 645 καρδία
625 585 763 649 φόβῳ.

735 711 774 754 4.
807 710 1163 755 Adverbium.

250 783 430 836 Ἰαστί
460 792 586 849 (Prat.
621 794 687 848 lv,
720 793 775 849 1.)

251 863 379 916 Quod
438 864 664 922 significat
720 865 874 910 lonice.
977 865 1174 911 Pratinae
1235 867 1382 920 locus,
1446 866 1520 910 ubi
1578 867 1767 921 primum

133 949 296 981 nomen
339 939 408 980 est
441 940 677 990 servatum,
722 938 765 980 in
799 936 954 980 Athen.
988 937 1058 980 lib.
1091 937 1182 982 XIV
1215 951 1254 993 p.
1286 937 1421 982 6241Ξ
1453 939 1649 990 occurrit,
1691 937 1766 980 ubi

133 1006 288 1052 Athen.
321 1006 376 1051 de
409 1006 675 1052 Graecorum
711 1007 954 1051 harmoniis
987 1007 1105 1053 dicit.
1142 1007 1201 1052 Cf.
1225 1009 1412 1065 Hesych.
1444 999 1592 1049 Ἰαστί·
1624 1000 1768 1064 Ἑλλη-

131 1074 256 1122 νιστί.
319 1077 423 1122 Fiat.
457 1077 580 1122 Lach.
622 1091 663 1134 p.
706 1078 794 1122 188
827 1078 861 1122 D
897 1073 1104 1130 Ἀτεχνῶς
1151 1075 1360 1134 Δωριστί,
1395 1070 1487 1120 ἀλλ’
1530 1070 1605 1120 οὐκ
1636 1070 1771 1120 Ἰαστί

125 1141 416 1206 (ἡρμοσμένος
445 1142 519 1190 τὸν
549 1141 678 1191 αὑτοῦ
707 1146 834 1204 βίον).
884 1149 1060 1195 Perraro
1083 1153 1246 1207 scripta
1279 1155 1347 1195 est
1379 1151 1486 1195 haec
1510 1163 1609 1195 vox.
1663 1150 1767 1194 Plat.

134 1220 238 1277 Rep.
268 1221 309 1275 3,
341 1233 383 1278 p.
415 1221 504 1266 398
536 1220 588 1264 E:
635 1211 766 1261 Ἰαστὶ
802 1253 810 1261 .
847 1253 855 1261 .
892 1253 899 1261 .
937 1253 944 1261 .
989 1220 1064 1262 καὶ
1097 1220 1306 1272 Λυδιστὶ,
1343 1220 1503 1271 αἵτινες
1534 1212 1769 1278 (ἁρμονίαι)

130 1289 315 1348 χαλαραὶ
346 1288 567 1333 καλοῦται.

253 1421 296 1466 11.
345 1421 596 1478 Adiungam
639 1422 853 1466 nonnulla
892 1422 946 1467 de
980 1426 1221 1467 ceterorum
1255 1421 1408 1479 (supra
1441 1424 1768 1466 nominatorum

134 1492 383 1548 poetarum)
415 1492 731 1538 vocabulorum
766 1506 863 1548 usu,
901 1506 1014 1550 quae
1046 1493 1246 1537 nondum
1281 1497 1456 1538 exstant
1489 1495 1532 1537 in
1567 1505 1770 1537 sermone

136 1563 314 1620 epico.1)

771 1637 811 1679 1.
864 1635 1136 1680 Aristias.

250 1709 534 1775 ἁρπεδόνη
563 1718 660 1776 (frg.
694 1719 723 1763 ll
758 1718 933 1775 Nauck.)

253 1788 404 1846 Neque
452 1792 495 1834 in
544 1790 816 1834 carminibus
859 1790 976 1834 hom.
1019 1803 1162 1847 neque
1202 1790 1319 1846 apud
1353 1790 1513 1846 lyricos
1547 1790 1654 1834 haec
1686 1802 1771 1834 vox

132 1861 332 1914 occurrit,
387 1873 502 1918 quae
538 1860 763 1917 significat
808 1860 974 1915 funem,
1030 1861 1250 1918 laqueum,
1295 1875 1438 1918 neque
1483 1874 1615 1906 voces
1671 1874 1768 1905 curn

131 1922 350 1988 ἁρπεδόνη
375 1931 662 1976 cohaerentes
687 1932 746 1976 ibi
770 1935 958 1976 exstant.
1004 1932 1162 1976 Herod.
1185 1932 1284 1986 3,47
1317 1924 1562 1988 ἁρπεδόνας
1593 1925 1769 1989 νήματα.

133 2002 170 2047 Α
203 2005 383 2060 tragicis
415 2005 561 2060 poetis
594 2003 678 2048 hoc
711 2016 873 2048 nomen
907 2007 976 2048 est
1007 2004 1214 2047 alienum.

254 2083 546 2140 ἐπίκωμος
576 2086 748 2144 (fragm.
781 2087 840 2139 ΙΙΙ,
872 2087 928 2139 1.)

252 2157 348 2203 Hoc
390 2158 609 2203 vocabulo
650 2157 927 2215 significatur
966 2159 1017 2211 is,
1063 2160 1137 2214 qui
1171 2157 1225 2201 ad
1261 2159 1604 2202 comissationes
1638 2169 1771 2212 saepe

134 2230 267 2274 venit.
327 2228 364 2273 A
411 2228 703 2286 scriptoribus
751 2231 824 2285 qui
870 2232 1083 2273 vocantur
1130 2229 1332 2273 classicis
1380 2229 1463 2273 hoc
1506 2228 1771 2272 adiectivum

90 2351 98 2359 ,
134 2298 385 2347 adhibitum
419 2312 510 2345 non
543 2303 634 2355 est;
665 2312 840 2356 perraro
873 2301 1057 2344 omnino
1090 2302 1245 2354 exstat,
1277 2312 1340 2344 ex.
1372 2312 1436 2356 gr.
1483 2299 1588 2343 Plut.
1621 2298 1772 2343 Moral.

255 2419 281 2462 ³)
309 2417 427 2454 Locos
453 2418 594 2454 similes
621 2418 779 2454 aliorum
807 2418 1035 2461 scriptorum
1063 2418 1100 2452 in
1127 2417 1438 2452 annotationibus
1466 2416 1713 2451 conscribam.

314 2477 525 2525 Αἰγαίου
576 2475 792 2511 Ποσειδῶ
835 2479 943 2512 παῖς
994 2475 1168 2522 (Aristias
1195 2476 1264 2521 frg.
1293 2476 1318 2516 Ι)
1350 2475 1397 2511 cf.
1424 2486 1456 2511 c.

315 2539 426 2581 τρέμε
450 2531 592 2582 δ’σῧρεα
616 2532 738 2582 μάκρα
761 2539 821 2569 καὶ
847 2530 912 2579 ῧλη

313 2598 450 2630 ποσσὶν
474 2589 534 2630 ὑπ’
559 2590 784 2629 ἀθανάτοισι
807 2593 1131 2631 Ποσειδάωνος
1156 2593 1281 2631 ἰόντος.

311 2657 389 2700 τρὶς
403 2655 472 2699 μὲν
495 2649 636 2700 ὀρέξατ’
654 2651 729 2695 ἰών,
766 2650 808 2688 τὸ
833 2652 873 2688 δὲ
898 2657 1076 2700 τέτρατον
1102 2655 1197 2688 ἵκετο
1221 2658 1371 2700 τέκμωρ,

315 2710 469 2761 Αἰγάς
500 2713 564 2758 (cf.
599 2713 717 2751 schol.
744 2713 791 2749 ad
818 2713 916 2749 hunc
943 2714 1084 2758 locum)
1110 2714 1147 2750 11.
1174 2713 1259 2757 xiil,
1287 2713 1330 2749 19
1357 2723 1439 2759 sqq.

313 2767 361 2808 ὦς
385 2767 456 2819 ἄρα
478 2769 649 2819 φωνήσας
675 2772 806 2816 ἱζιιοισεν
832 2772 1044 2815 (Poseidon)
1071 2771 1297 2818 καλλίτριχας
1323 2772 1460 2812 ἵππους,

317 2831 412 2866 ἵκετο
436 2828 521 2868 δἐἰς
546 2828 716 2878 Αἰγάς,
741 2826 809 2866 ὅθι
835 2829 871 2866 οἱ
901 2827 1010 2865 κλυτὰ
1036 2826 1174 2876 δώματ’
1201 2834 1312 2866 &ham
1364 2831 1432 2869 Od.
1460 2831 1501 2874 V,
1527 2833 1597 2868 380
1623 2842 1679 2876 sq.

310 2884 420 2937 Ἀμφὶ
446 2887 687 2925 Ποσειδάωνα
708 2916 721 2933 Ι.
749 2917 756 2924 .
785 2917 792 2924 .

313 2947 475 2991 πάτνιον,
514 2942 550 2986 ὃς
572 2943 740 2983 Ἑλικῶνα
765 2953 825 2984 καὶ
851 2945 987 2996 εὐρείας
1025 2951 1098 2995 ἑβζει
1125 2947 1285 2997 Αἰγάς.
1337 2950 1464 2996 hymn.
1492 2949 1590 2986 XXII.

1539 3010 1561 3044 6
