1994 3236
800 195 1088 237 -65-

122 314 164 367 8,
200 313 252 368 4;
293 302 491 368 εὗπὺργω
531 305 757 366 Σεράπνας
802 310 937 354 Αἰςῖη.
980 311 1019 364 1,
1059 312 1107 363 4;
1153 303 1448 368 εὖμορφοτέρα
1492 309 1762 363 gihanedi-ace,

123 382 288 440 Sapph.
309 379 388 438 75;
419 373 675 431 εὐπέδιλλος
702 370 804 436 Ἶρις
825 381 912 425 Alc.
934 382 973 434 5,
996 382 1046 432 2;
1083 379 1127 421 ἕν
1151 381 1296 423 ναυσὶν
1326 373 1550 435 εὖσέλμοις
1573 383 1759 428 Stesich,

35 459 41 501 s
122 455 193 510 11,
228 455 278 511 2;
317 446 424 508 παρ’
455 445 709 494 εὐδαίδαλον
750 445 849 492 ναόν
881 452 1079 508 Bacchyl.
1112 452 1181 504 14,
1213 452 1261 499 23
1304 444 1559 509 δι’-στέφανοι
1596 454 1759 497 Philox.

39 543 41 546 ’
121 527 163 580 2,
201 525 252 581 4;
289 515 523 567 εὗπέταλοι
556 523 720 568 PhilOX.
762 523 802 575 2,
847 524 925 572 18;
971 514 1194 564 εὐσέλανον
1237 523 1401 580 Fragm.
1444 524 1511 567 ad.
1555 524 1762 577 me1.29;

122 588 388 653 εὖπατρίδας
419 594 564 640 Scolia
596 595 666 648 12,
696 594 782 648 3.¹)

564 736 604 790 2.
651 734 968 780 Ceterorum
1013 740 1324 791 poetarum:

241 830 320 883 τᾶς
349 822 581 883 ἀειζώου
613 827 755 886 ψυχᾶς
785 830 1043 886 (Melanipp.
1075 831 1114 879 6,
1147 830 1203 884 2.)

243 903 372 960 Apud
419 901 767 958 Melanippidem
824 903 1014 957 primum
1071 901 1184 944 hanc
1235 914 1387 945 vocem
1437 901 1638 957 legimus.
1717 902 1759 945 ln

122 975 284 1021 Aesch.
316 973 588 1019 carminibus
620 976 686 1017 ter
718 972 802 1017 hoc
824 971 1090 1016 vocabulum
1125 973 1312 1016 occurrIt
1343 971 1469 1027 frgm.
1501 972 1580 1023 31;
1611 971 1761 1028 Suppl.

35 1107 38 1110 ἢ
120 1047 230 1102 5533
276 1045 429 1102 Suppl,
466 1045 555 1089 988
594 1037 714 1100 χώρᾳ
755 1033 940 1095 δ’ὄῖχθος
982 1034 1136 1094 ἀείζων
1176 1040 1319 1084 πέλοι.
1383 1042 1492 1086 Aliis
1527 1043 1759 1099 lyricorum

124 1118 236 1163 locis
269 1129 359 1162 non
392 1119 462 1160 est
491 1115 716 1169 traditum,
749 1117 904 1170 postea
938 1127 1113 1170 perraro
1136 1113 1381 1159 adhibetur.
1435 1114 1760 1158 Vocabulorum

122 1201 223 1234 cum
256 1199 365 1233 voce
394 1177 486 1229 ἅει-
522 1186 812 1231 formatorum
843 1187 888 1229 in
921 1198 1126 1230 sermone
1160 1187 1284 1240 epico
1307 1188 1483 1230 exstant
1509 1180 1765 1241 αἰειγενέτης

122 1259 166 1304 ll.
199 1261 253 1300 H
277 1259 336 1303 93
377 1259 558 1314 saepius
606 1260 648 1302 et
688 1248 851 1298 ἀενάων
891 1249 976 1312 (ἀεὶ
1017 1250 1144 1311 νάων)
1185 1255 1264 1300 od.
1298 1272 1317 1295 ν
1356 1257 1462 1310 109;
1519 1256 1621 1300 iles.
1667 1256 1761 1312 Erg.

121 1330 223 1385 595,
259 1329 367 1384 737;
411 1339 526 1384 quae
567 1341 653 1373 vox
691 1330 823 1372 etiam
868 1330 911 1372 in
955 1340 1161 1373 sermone
1203 1328 1338 1384 lyrico
1381 1328 1549 1384 legitur.
1617 1324 1763 1368 Μῶσα

122 1394 338 1444 αἰενάοιδε
380 1399 515 1446 ΑΙεηι.
556 1400 595 1454 1,
635 1399 684 1454 2;
730 1390 885 1441 ἀέναόν
927 1413 974 1440 τε
1014 1397 1140 1449 κλέος
1186 1398 1402 1444 Simonid.
1444 1399 1483 1450 1,
1516 1399 1592 1453 19;
1641 1398 1762 1443 Pind.

122 1472 245 1530 Pyth.
264 1472 317 1526 ’1,
346 1472 396 1521 53
429 1470 494 1516 Ol.
524 1470 628 1525 XIV,
660 1471 717 1515 12
749 1466 922 1512 αἶέναον
949 1467 1122 1524 σέβοντι
1154 1463 1323 1525 πατρὸς
1348 1462 1604 1522 Ὀλυμπίοιο
1634 1462 1766 1522 τιμάν

122 1541 354 1600 (saepius).

240 1606 639 1672 δυσόφθαλμον
653 1613 686 1667 Ξἲ)
718 1605 869 1665 αἶσχος
900 1612 1002 1669 (Tel.
1037 1613 1062 1665 Ι,
1093 1612 1151 1667 3.)

242 1685 360 1730 l'laec
390 1697 478 1730 vox
510 1683 594 1728 hoc
625 1686 798 1728 tantum
833 1683 929 1728 loco
975 1688 1044 1728 est
1077 1687 1262 1728 servata.
1326 1683 1412 1726 lam
1456 1684 1565 1738 epici
1608 1685 1764 1738 poetae

121 1756 372 1813 complures
419 1767 553 1801 voces
601 1753 894 1812 ‹ivs-syllaba
946 1754 1161 1800 formatas
1215 1754 1399 1808 habent;
1456 1755 1558 1798 item
1608 1756 1763 1809 poetae

123 1827 260 1886 lyrici,
306 1839 495 1884 quorum
537 1826 752 1871 nonnulla
794 1825 1095 1870 conscribam:
1149 1818 1359 1882 δυσμενής
1403 1825 1519 1881 Tyrt.
1567 1824 1643 1878 10,
1683 1824 1764 1890 213

121 1899 282 1946 Ardmil.
311 1899 382 1954 62,
412 1899 440 1942 2
472 1897 710 1954 (saepius);
744 1896 922 1942 Semon.
953 1897 992 1951 7,
1025 1897 1134 1946 102;
1166 1896 1362 1952 Theogn.
1395 1896 1532 1950 1219;
1574 1894 1763 1937 δυσπαι-

123 1962 294 2020 πάλους
323 1968 451 2015 Ατεὴ.
483 1967 583 2021 107,
614 1968 662 2022 1;
694 1966 959 2024 δισηλεγέων
989 1968 1240 2012 Mimnerm.
1274 1967 1314 2019 7,
1344 1968 1393 2021 3;
1429 1966 1624 2022 Theogn.
1656 1966 1765 2019 795;

107 2033 370 2094 ’δυσώνυμον
404 2039 597 2096 Hippon.
634 2039 705 2093 21,
735 2039 784 2093 33
823 2032 1035 2093 δυσμορον
1074 2038 1444 2095 Theogn.1358;
1485 2034 1761 2093 δυσελπίστῳ

121 2109 209 2168 βίῳ
239 2111 396 2168 fragm.
428 2110 580 2166 adesp.
613 2109 683 2164 78,
715 2110 762 2164 1;
807 2110 928 2154 Pind
960 2107 1038 2153 9-Si
1071 2110 1206 2154 huius
1247 2111 1424 2166 generis
1466 2121 1599 2153 voces
1636 2121 1765 2153 usur-

122 2185 256 2242 pavit,
287 2179 643 2237 Aaech.3012³.³)

242 2268 296 2296 αν
339 2243 502 2296 εὗτλι
533 2243 668 2294 αλσεα
699 2252 877 2308 (Melan.
911 2253 936 2306 l,
967 2253 1027 2306 3.)

246 2324 405 2370 Poetae
449 2325 560 2382 epici
594 2323 679 2369 hoc
718 2323 984 2368 vocabulum
1026 2335 1115 2367 non
1149 2326 1430 2379 usurparunt.
1492 2321 1596 2366 Post
1627 2321 1764 2366 Mela-

124 2395 354 2453 nippidem
386 2395 505 2452 apud
535 2394 803 2451 Aeschylum
837 2396 1024 2438 occurrit
1056 2394 1176 2438 Eum.
1209 2394 1314 2438 906:
1347 2383 1559 2446 κ’ἇνέμων
1592 2383 1765 2448 ἀήματα

242 2548 269 2591 ¹)
296 2547 492 2584 Adiectiva
530 2557 623 2583 voce
659 2541 902 2582 mi-formata
939 2546 1189 2590 elegiacorum
1229 2549 1266 2580 et
1293 2545 1538 2580 iambicorum
1566 2547 1760 2587 poetarum

125 2606 211 2642 vide
236 2607 336 2652 apud
361 2607 415 2643 Μ.
442 2607 588 2644 Corwin
616 2606 748 2642 Lane.
790 2606 901 2641 lndex
929 2610 969 2640 to
994 2605 1056 2640 the
1083 2604 1293 2649 fragments
1317 2603 1358 2639 of
1382 2603 1445 2638 the
1472 2602 1590 2638 Greek
1617 2601 1763 2647 Elegiae

124 2666 200 2702 and
235 2665 385 2702 Jambic
423 2666 532 2702 Poets
570 2666 607 2700 in
646 2665 792 2701 Cornell
819 2665 969 2701 Studies
1007 2665 1044 2699 in
1078 2664 1257 2700 Classical
1298 2662 1506 2706 Philology,
1550 2661 1616 2697 No.
1651 2661 1762 2704 XVlll,

125 2724 272 2766 Cornell
301 2724 529 2770 [hiversitffi
556 2724 640 2760 New
661 2723 771 2768 York,
799 2723 996 2768 published
1022 2722 1083 2758 ior
1108 2722 1171 2758 the
1198 2722 1418 2766 university,
1446 2721 1549 2756 1908.

66 2791 68 2794 “
135 2832 138 2837 .
242 2785 271 2828 ²)
298 2784 349 2820 De
391 2794 529 2820 vocum
576 2786 682 2827 parte
730 2781 889 2818 δυσ-εἰ.
931 2781 1071 2827 Meyer,
1123 2780 1268 2816 Griech.
1311 2779 1548 2824 Etymologie
1593 2778 1759 2822 19011‘02,

125 2843 204 2881 vol.
229 2843 280 2887 lll,
306 2853 342 2888 p.
367 2843 449 2879 220.

245 2903 274 2946 ‘)
301 2901 356 2941 ef.
382 2901 478 2938 Guil.
502 2901 692 2943 Schroter,
731 2900 781 2935 De
818 2899 1021 2935 Simonidis
1053 2898 1114 2935 Cei
1149 2898 1268 2934 melici
1308 2907 1479 2933 sermone
1507 2897 1762 2942 quaestiones,

125 2961 224 3007 Lips.
250 2962 354 3005 1906,
381 2962 443 3006 qui
471 2961 516 2997 de
543 2960 741 2996 adiectivis
770 2969 864 2994 voce
890 2957 1143 2995 ‹ive-formatis
1169 2957 1348 2993 nonnulla
1376 2955 1545 3002 protulit.

1524 3016 1547 3051 5
