1994 3236
955 213 1241 255 -32ἡ

291 340 353 370 VS.
388 328 415 370 6
439 341 503 382 sq.
537 322 612 367 ἰὰν
643 320 794 368 ἀοιδὰν
827 326 1062 368 καιέσιασε
1103 327 1249 383 Πιερὶς
1278 326 1501 382 βασίλειαν
1534 343 1541 350 ·
1577 321 1599 370 ὃ
1631 319 1803 380 ὄάὖλὸς

288 385 502 393 ——
537 390 705 452 ὕστερον
734 395 949 450 χορευέῐω.
984 397 1057 438 καὶ
1091 393 1167 453 γὰρ
1200 389 1299 439 ἐσθ’
1331 391 1556 455 ὑπηρέτας.

408 468 485 510 liis
540 468 715 511 demum
771 482 821 511 ex
874 469 1075 512 versibus
1134 471 1469 524 cognoscimus,
1522 483 1607 526 qua
1662 470 1715 514 de
1771 483 1909 516 causa

291 538 450 581 chorus
485 539 495 580 l
531 539 916 582 vehementissime
962 541 1002 581 in
1045 539 1224 582 chorum
1267 539 1448 583 alterum
1493 540 1733 584 invehatur.
1795 540 1907 586 Nam

289 609 395 651 alter
444 609 602 651 chorus
646 611 856 652 rationem
898 622 1055 652 novam
1099 611 1307 664 sequitur,
1355 623 1466 665 quae
1512 610 1716 655 tibiarum
1757 614 1906 656 cantui

291 680 477 731 primum
513 679 653 722 locum
689 679 860 731 tribuat,
894 692 990 722 cum
1025 679 1184 722 chorus
1219 679 1229 722 l
1273 684 1448 723 cantum
1490 680 1612 724 tibiis
1651 686 1905 736 praeponat.

290 748 426 791 Suum
471 762 570 792 esse
613 773 662 778 —
708 750 868 792 chorus
912 751 920 791 l
971 750 1074 792 dicit
1116 774 1168 779 —
1214 750 1455 806 Dionysum
1504 751 1720 796 celebrare
1762 756 1908 798 cantu,

290 819 384 871 lpsa
418 821 531 862 enim
568 819 699 862 Pieris
733 820 812 862 dea
847 822 1033 873 primum
1068 833 1117 863 ac
1149 822 1314 875 regium
1355 823 1480 876 quasi
1524 822 1667 866 locum
1708 822 1908 867 attribuit

289 891 445 941 cantui,
485 902 580 932 cum
616 890 747 932 tibiae
781 894 925 943 partes
960 890 1178 933 secundas
1210 894 1379 934 tantum
1415 892 1573 936 habere
1606 892 1806 946 debeant,
1845 895 1906 936 ita

290 962 335 1000 ut
369 961 656 1002 ministerium
691 959 851 1003 faciant
891 961 948 1002 illi
992 962 1179 1015 reginae.
1212 961 1388 1005 Tibicen
1431 962 1590 1006 adesse
1630 966 1671 1006 et
1711 965 1908 1018 aspirare

288 1028 417 1071 debet
440 1031 661 1083 canenti.¹)
695 1029 772 1083 (Cf.
798 1030 907 1073 infra
932 1031 985 1074 de
1007 1031 1191 1074 vocibus
1217 1028 1381 1087 Πιερίς,
1413 1030 1630 1087 χορευέτω,
1661 1026 1907 1089 ὑπηρέτας),

288 1123 351 1153 VS.
386 1111 413 1153 8
437 1124 500 1165 sq.
534 1105 665 1165 κώμῳ
711 1106 840 1164 μόνον
887 1107 1157 1167 θυραμάχοις
1200 1127 1246 1153 τε
1297 1110 1585 1168 πυγμαχίαισι
1631 1111 1736 1156 νέων
1780 1112 1904 1157 θέλει
1967 1119 1969 1121 ’

529 1178 745 1233 παροίνων
776 1179 952 1235 ἔμμεναι
985 1177 1286 1238 στρατηλάτας.

406 1251 511 1293 Nam
546 1252 677 1295 tibiae
711 1266 890 1307 regnare
923 1253 1084 1297 debent
1107 1267 1194 1297 non
1220 1256 1261 1297 in
1287 1254 1443 1307 choris,
1477 1255 1567 1308 sed,
1600 1255 1674 1299 ubi
1697 1256 1904 1300 tibiarum

287 1323 495 1374 strepitus
520 1322 714 1375 delectat,
749 1325 772 1365 i.
798 1336 847 1375 e.‚
866 1323 938 1366 ubi
965 1326 1145 1367 iuvenes
1170 1324 1274 1367 ebrii
1299 1325 1630 1379 tumultuantur,
1659 1326 1904 1380 puellarum

285 1390 401 1434 fores
436 1391 685 1447 effringunt,
719 1396 881 1448 pugnis
915 1396 1026 1438 inter
1058 1407 1104 1438 se
1138 1396 1345 1447 rixantur,
1380 1395 1453 1438 tali
1488 1396 1664 1440 clamori
1695 1396 1903 1440 tibiarum

287 1474 425 1504 sonus
459 1467 526 1505 est
559 1463 805 1516 adaptatus.

405 1532 463 1575 Re
510 1546 609 1576 vera
658 1535 982 1589 antiquissimis
1029 1535 1303 1589 temporibus
1351 1535 1472 1579 tibiis
1521 1536 1778 1590 canebatur,
1825 1537 1902 1581 ubi

285 1602 447 1646 clamor
480 1607 580 1646 erat.
645 1603 707 1646 Ad
742 1603 945 1647 tibiarum
982 1618 1140 1648 sonum
1176 1608 1356 1650 iuvenes
1400 1607 1454 1649 ad
1495 1609 1730 1651 certamina
1771 1611 1813 1651 et
1844 1608 1901 1651 ad

286 1683 457 1726 pugnas
493 1673 624 1718 ibant.
640 1674 670 1727 ⁵2)
1094 1664 1097 1666 ¹

404 1814 427 1854 ¹)
455 1813 598 1849 Similes
628 1815 697 1849 loci
726 1816 771 1850 ad
801 1826 854 1850 vs.
882 1817 920 1850 6:

404 1872 437 1905 ll.
463 1886 493 1907 ν.
520 1874 604 1907 731:
632 1872 739 1907 ἔδωκε
768 1870 851 1910 θεὸς
873 1874 1023 1919 κίθαριν
1046 1877 1105 1907 καὶ
1130 1869 1265 1917 ἀοιδήν.

402 1931 483 1966 Hes
511 1932 648 1976 Theog.
675 1933 719 1967 22
747 1943 820 1977 sq.:

446 1990 489 2021 αἵ
508 1990 574 2031 (sc.
605 1992 702 2033 θεαὶ)
728 1990 770 2025 νύ
793 1987 884 2025 ποθ’)
909 1987 1073 2026 (Ησιόδον
1096 1988 1209 2034 καλὴν
1235 1988 1405 2031 ἐὸἰὸαξαν
1431 1988 1568 2037 ἀοιδήν,

448 2045 555 2093 ἄρνας
579 2046 815 2094 ποιμαιιῖιόνθ)
839 2046 1018 2086 Ἑλικῶνος
1042 2046 1110 2084 {isso
1145 2051 1303 2092 ζαθέοιο.

407 2109 490 2143 nes.
517 2109 652 2153 Theog.
680 2109 742 2143 48:

448 2165 643 2213 (ἐρχόμεναι
668 2165 706 2201 {J'
732 2164 876 2212 ὗμνεῦσι
904 2169 990 2201 θεαὶ
1015 2166 1190 2215 λήγουσαί
1209 2164 1243 2202 τ’
1269 2164 1400 2213 ἀοιδῆς.
1427 2171 1538 2213 (vers.
1564 2172 1649 2214 inc.)

401 2229 484 2262 Hes.
513 2228 612 2262 Scut.
638 2228 706 2262 205
733 2238 787 2270 sq.
808 2227 895 2260 θεαὶ
920 2222 952 2260 δ’
979 2226 1129 2271 ἐξῆρχον
1154 2222 1276 2270 ἀοιδῆς

450 2285 591 2318 Aletium
619 2284 789 2330 ΙΙιερίὸες,
817 2284 892 2332 λιγὺ
917 2284 1139 2332 Λιιελπομὲνῃς
1164 2287 1298 2319 εἰκυῖαι.

403 2344 501 2378 Pind.
530 2343 584 2378 Ol.
612 2344 649 2385 X,
676 2345 721 2378 93
748 2355 826 2388 sqq.
861 2355 868 2378 ε

491 2405 549 2435 τὶν
575 2397 606 2435 δ’
634 2397 787 2444 ἁδυεπής
811 2416 851 2435 τε
876 2400 960 2448 λύρα

493 2458 612 2505 γλυκύς
636 2457 668 2492 τ’
695 2456 796 2496 αὐλὸς
821 2456 1025 2494 ἀναπάσσει
1046 2459 1176 2506 χάριν’

493 2522 662 2564 τρέφοντι
688 2514 719 2553 δ’
746 2514 826 2564 εὐρὺ
849 2518 945 2554 κλέος

493 2575 593 2621 κόραι
620 2576 781 2622 Πιερίδες
806 2575 897 2613 Διός.
1053 2617 1057 2620 .

400 2637 498 2670 Pind.
541 2636 663 2670 lsthm.
693 2636 714 2678 l,
742 2637 797 2670 65.
835 2632 1002 2681 «εἰ-φώνων
1039 2635 1275 2683 πτερύγεσσιν
1319 2632 1489 2683 ἀερθέντ’
1527 2632 1676 2684 ἀγλααῖς
1703 2637 1893 2684 Πιερίδων,

401 2694 481 2728 Eur.
509 2694 606 2728 Med.
633 2695 699 2729 831
728 2705 800 2738 sq.:

400 2756 501 2785 ἐιψέα
530 2751 696 2797 Πιερίδας
723 2750 867 2788 Μούσας
893 2752 1031 2798 λέγουσι
1058 2749 1202 2791 ξανθὰν
1228 2749 1405 2798 ἁρμονίαν
1430 2754 1614 2801 φυτεῦσαι.
1635 2774 1646 2782 ν

404 2826 428 2865 ”-’)
456 2823 614 2867 Longius
641 2823 683 2857 de
712 2823 779 2857 hoc
807 2824 978 2858 tibiarum
1007 2834 1075 2858 usu
1103 2825 1277 2859 disseruit
1305 2825 1347 2859 fl.
1375 2825 1494 2868 flach,
1521 2825 1544 2860 l.
1570 2825 1592 2860 l.
1619 2825 1693 2860 vol.
1721 2825 1743 2868 1,
1771 2834 1804 2870 p.
1830 2826 1894 2870 645

281 2884 345 2925 65;
386 2883 441 2924 68,
482 2882 541 2916 ubi
578 2882 785 2925 complures
815 2883 1035 2925 scriptorum
1063 2882 1299 2924 Graecorum,
1337 2885 1396 2927 qui
1425 2884 1471 2918 ad
1498 2884 1593 2919 hanc
1620 2893 1694 2918 rem
1721 2884 1892 2926 attinent,

281 2941 352 2976 loci
383 2945 469 2975 sunt
494 2941 706 2983 compositi.

1984 2763 1994 2798 l
