1994 3236
1083 245 1140 287 40
1203 269 1254 273 -

306 363 540 406 verisimile
586 362 668 405 sibi
719 362 851 405 videri
898 363 1005 405 dixit
1054 362 1135 405 hos
1183 374 1338 405 versus
1387 365 1550 416 partem
1600 374 1700 406 esse
1746 360 1921 405 fabulae

306 432 535 475 cuiusdam
570 432 832 487 satyricae.¹)

423 502 560 551 Quam
595 502 648 544 ad
685 504 944 545 sententiam
981 502 1051 544 alii
1086 514 1259 557 quoque
1282 504 1563 545 accesserunt
1593 515 1632 544 v.
1654 501 1706 554 d.‚
1738 513 1953 557 quorum‘

308 574 488 616 nomina
523 574 563 614 in
598 575 745 615 annot.
779 584 1054 626 componam.
1118 571 1327 626 Equidem
1363 571 1460 614 illos
1495 585 1532 614 v.
1565 571 1720 615 doctos
1753 583 1926 626 sequor,

312 645 384 698 qui
420 643 502 686 hos
535 655 689 685 versus
723 654 894 685 carmen
931 644 1145 696 integrum
1179 654 1279 684 esse
1312 644 1504 685 censent.

425 725 458 767 A
492 726 631 780 primo
671 725 740 765 vix
780 735 1020 777 possumus
1061 723 1310 775 diiudicare,
1353 726 1495 766 utrum
1539 723 1621 767 hoc
1653 735 1826 766 carmen
1869 724 1927 766 sit

310 794 546 848 perfectum
592 806 737 837 necne.
801 793 914 836 Sane
957 795 1199 837 sententiae
1241 795 1446 836 carminis
1489 806 1576 837 non
1618 793 1838 848 flagitant,
1879 796 1927 836 ut

308 864 533 918 complura
567 867 818 919 sequantur.
883 864 935 906 At
978 864 1057 906 hac
1097 877 1139 906 re
1185 863 1267 907 hos
1302 876 1455 906 versus
1501 875 1601 907 esse
1645 875 1817 907 carmen
1861 865 1927 906 in-

311 938 479 988 tegrum
521 947 608 977 non
643 933 979 978 demonstratur.
1043 933 1146 976 Fieri
1187 937 1344 987 potest,
1391 937 1437 976 ut
1478 935 1607 976 etiam
1652 935 1694 976 in
1737 934 1928 976 carmine

307 1005 456 1059 aliquo
483 1006 651 1048 maiore
691 1003 767 1057 (sc.
802 1006 842 1046 in
876 1003 1023 1046 tabula
1056 1005 1218 1058 tragica
1252 1003 1318 1046 vei
1351 1003 1554 1058 satyrica)
1598 1003 1715 1047 chori
1754 1015 1927 1047 carmen

312 1075 568 1126 inveniatur,
602 1076 726 1116 cuius
761 1075 976 1116 sententia
1011 1075 1191 1116 omnino
1225 1086 1326 1116 esse
1360 1072 1547 1126 perfecta
1579 1072 1789 1117 videatur.

429 1155 629 1198 Attamen
684 1156 919 1198 verisimile
972 1159 1039 1198 est
1087 1168 1258 1198 carmen
1317 1167 1418 1198 esse
1466 1154 1703 1208 perfectum
1758 1154 1828 1198 his
1875 1155 1930 1198 de

312 1227 482 1268 causis:

433 1297 469 1337 1.
503 1296 612 1338 Huic
646 1298 824 1339 carmini
859 1295 974 1350 apud
999 1295 1271 1340 Athenaeum
1297 1297 1611 1350 praescriptum
1634 1298 1722 1339 est:
1757 1288 1779 1336 ὁ
1808 1297 1931 1350 Πρα-

316 1363 432 1416 τίνας
472 1363 695 1422 ἐμφανίζει
739 1360 812 1407 διὰ
851 1363 974 1407 τοῖιὸε
1013 1364 1087 1407 τοῦ
1117 1359 1429 1423 ’ὗπορχήματος
1493 1365 1605 1416 Quid
1647 1378 1732 1410 Vox
1770 1366 1931 1422 hypor-

313 1438 526 1480 chematis
568 1438 683 1491 apud
726 1436 881 1480 Athen.
925 1437 1157 1492 significet,
1196 1451 1246 1481 ex
1280 1436 1434 1500 Athen.
1473 1447 1513 1491 p.
1546 1435 1680 1480 631C
1718 1435 1932 1489 videmus,

315 1509 388 1552 ubi
432 1509 586 1563 legitur
626 1501 647 1563 ἦ
682 1500 1003 1563 ἓῑεορχηματική
1043 1504 1159 1548 ἐστιν
1202 1504 1245 1546 ἐν
1284 1523 1310 1563 ι]
1348 1499 1462 1563 ᾄδων
1502 1500 1524 1547 ὃ
1562 1500 1686 1562 χορὸς
1725 1497 1962 1561 ὄρχεῖταη,

314 1580 515 1622 Similiter
549 1578 679 1621 Procl.
712 1577 818 1620 246:
854 1569 1081 1632 ’ὑπόρχημα
1112 1571 1160 1618 τὸ
1190 1568 1281 1630 μετ’
1315 1568 1523 1632 ὀρχήσεως
1558 1568 1763 1633 ᾀδόμενον
1790 1573 1932 1630 μέλος.

315 1648 394 1702 (Cf.
427 1649 531 1692 Plut.
565 1661 686 1692 conv.
720 1652 884 1703 quaest.
921 1659 959 1701 p.
994 1648 1079 1691 748
1097 1647 1159 1700 A.)
1222 1647 1391 1697 Quibus
1425 1661 1476 1691 ex
1509 1648 1616 1691 locis
1649 1649 1857 1703 sequitur,
1887 1650 1935 1691 ut

319 1719 672 1775 hyporchematis
706 1731 811 1761 voce
845 1731 942 1761 cum
976 1718 1045 1760 alii
1082 1720 1321 1772 scriptores
1353 1723 1444 1761 turn
1478 1717 1730 1762 Athenaeus
1762 1730 1934 1762 carmen

320 1789 556 1842 perfectum
592 1788 861 1843 significarit.
923 1787 1114 1831 Omnino
1157 1792 1224 1831 est
1267 1788 1482 1832 reicienda
1525 1789 1742 1832 sententia
1773 1799 1939 1840 eorum,

318 1862 390 1915 qui
427 1863 580 1912 putant
612 1858 881 1901 Athenaeum
917 1858 987 1901 ilia
1021 1871 1125 1902 voce
1155 1858 1329 1901 fabulae
1366 1860 1577 1914 satyricae
1610 1857 1727 1902 chori
1761 1869 1934 1902 carmen

319 1929 611 1984 significasse.

436 2000 474 2042 2.
509 1999 647 2053 Supra
681 1991 736 2053 (p.
770 1998 811 2055 8)
845 2000 1123 2053 explanatum
1158 2003 1225 2043 est
1257 2012 1412 2043 omnes
1447 1999 1567 2043 locos
1600 1998 1810 2043 Athenaei
1839 2010 1864 2042 a
1895 2009 1935 2052 p.

320 2070 453 2113 6161}
486 2082 626 2125 usque
659 2070 711 2112 ad
748 2081 786 2123 p.
820 2069 954 2112 618A
988 2083 1038 2112 ex
1072 2082 1159 2113 uno
1192 2069 1434 2125 eodemque
1464 2082 1564 2113 esse
1589 2072 1792 2123 sumptos
1815 2067 1936 2112 libro.

319 2140 654 2194 Melanippides‚
701 2140 907 2191 Telestes,
953 2140 1147 2183 Pratinas
1197 2141 1278 2183 hoc
1322 2140 1417 2183 loco
1465 2139 1519 2183 de
1559 2139 1764 2182 thiarum
1805 2141 1934 2182 cantu

320 2210 516 2254 dicentes
549 2210 802 2254 afferuntur.
867 2211 1013 2266 ltaque
1045 2214 1241 2264 apertum
1277 2210 1381 2253 mihi
1423 2210 1594 2253 videtur
1626 2209 1822 2253 Pratinae
1854 2209 1937 2253 hoc

319 2293 491 2323 carmen
525 2280 665 2323 fuisse
699 2281 895 2323 eiusdem
941 2280 1030 2324 fere
1061 2282 1234 2334 generis
1275 2284 1405 2335 atque
1448 2279 1518 2323 illa
1550 2279 1864 2334 Melanippidis
1897 2281 1938 2323 et
1967 2304 1971 2305 ν

319 2349 504 2393 Telestis
539 2352 741 2394 carmina.
804 2350 977 2393 Scimus
1021 2350 1102 2393 hos
1147 2354 1298 2403 poetas
1342 2350 1485 2393 nullas
1517 2349 1691 2393 fabulas
1725 2350 1937 2404 satyricas

442 2503 466 2543 ¹)
496 2502 534 2539 Κ.
562 2501 603 2536 Ο.
631 2501 773 2543 mallet,
803 2501 925 2537 Kleine
946 2501 1123 2536 deutsche
1142 2500 1336 2542 Schriften,
1365 2500 1513 2536 Breslau
1533 2501 1634 2542 1847,
1662 2499 1736 2535 vol.
1763 2499 1786 2541 i,
1805 2509 1838 2543 p.
1857 2499 1938 2540 519.

321 2561 430 2602 ldem,
473 2559 692 2595 Geschichte
736 2560 798 2594 der
838 2559 975 2602 griech.
1014 2559 1202 2601 Literatur‚
1245 2558 1416 2593 ²Breslau
1455 2559 1556 2600 1857,
1601 2558 1674 2593 vol.
1713 2557 1750 2600 11,
1802 2567 1836 2602 p.
1874 2558 1930 2592 39.

324 2619 468 2653 Praeter
501 2618 633 2653 mulier
666 2621 797 2661 putant
836 2618 906 2653 hoc
941 2628 1086 2653 carmen
1125 2617 1240 2652 fuisse
1279 2618 1456 2662 scriptum
1496 2619 1531 2652 in
1569 2617 1734 2652 dramate
1771 2615 1933 2661 quodam
1963 2660 1966 2661 ⁷

322 2678 506 2721 satyrico:
535 2677 586 2712 Fr.
615 2677 728 2718 Blass,
757 2677 851 2711 Neue
876 2677 1005 2711 Sahrb.
1032 2676 1056 2710 f.
1084 2677 1130 2710 kl.
1158 2676 1245 2711 Phil.
1275 2677 1338 2710 137
1372 2676 1506 2718 (1888),
1537 2685 1571 2719 p.
1597 2675 1677 2710 663.
1727 2674 1763 2709 P.
1789 2673 1955 2716 Girard„

326 2735 515 2779 Melanges
554 2735 595 2769 Η.
635 2735 735 2769 Weii.
776 2735 876 2776 1898,
915 2745 949 2778 p.
986 2736 1050 2769 131
1079 2745 1159 2779 sqq.
1211 2734 1478 2778 michelangeli,
1511 2734 1729 2769 frammenti
1758 2761 1766 2768 .
1792 2758 1801 2767 .
1827 2758 1835 2766 .
1861 2732 1883 2767 1.
1910 2732 1934 2766 1.
1955 2743 1973 2783 ᾖ

324 2805 358 2838 p.
385 2796 406 2828 4
433 2804 486 2838 sq.
537 2793 615 2828 floc
654 2803 799 2828 carmen
837 2803 917 2828 esse
959 2793 1208 2837 hyporchema
1250 2794 1431 2837 integrum
1470 2795 1640 2828 censent:
1683 2784 1980 2842 Wilamowitzj'fg

325 2853 389 2887 Ein
417 2853 537 2888 altatt.
565 2851 784 2895 Epigramm‚
813 2852 834 2885 l.
861 2852 882 2887 l.
911 2852 1018 2891 idem,
1044 2851 1247 2887 Comment.
1274 2861 1427 2895 gramm.
1455 2851 1476 2886 1.
1503 2851 1524 2885 l.
1566 2850 1687 2892 flach,
1716 2849 1849 2885 Gesch.
1877 2845 1975 2883 der‘i

324 2912 460 2955 griech.
500 2910 616 2954 Lyrik,
645 2920 678 2954 p.
717 2910 795 2944 663.
846 2910 909 2944 Th.
949 2910 1076 2954 Bergk,
1114 2909 1258 2945 Griech.
1298 2909 1511 2953 Literaturg.
1562 2919 1596 2953 p.
1638 2909 1719 2943 263.
1776 2907 1939 2948 crusius‚

326 2971 360 3004 P.
375 2970 427 3004 W.
443 2970 480 3005 R.
497 2969 533 3004 Ε.
556 2979 584 3003 s.
601 2980 634 3001 v.
651 2968 973 3012 „Dithyrambus“‚
999 2979 1032 3012 p.
1049 2969 1150 3002 1223.
1178 2968 1468 3010 flilier-Crusius,
1489 2967 1636 3003 Anthol.
1658 2967 1726 3011 lyr.
1753 2975 1788 3010 p.
1802 2965 1868 3000 [Χῖ
1884 2974 1942 3020 sq.
1963 2961 1966 2963 ’

1912 3037 1919 3057 l
1967 3054 1971 3055 .

1883 3204 1894 3212 ··
1926 3182 1977 3236 2³2}
