1994 3236
779 197 1071 260 —75-

223 308 496 370 διαρριφά
537 315 664 370 (Prat.
699 316 725 369 Ι,
760 315 848 370 16.)

221 396 363 448 Quam
397 410 564 452 vocem,
606 401 673 443 cui
718 401 833 444 inest
873 398 1142 455 significatio
1196 398 1433 451 „disiectio‚
1484 399 1735 443 distractio“

107 468 192 513 hoc
221 471 395 513 tantum
429 469 526 514 loco
560 471 772 515 invenies.
835 470 950 515 idem
995 470 1078 514 hoc
1117 468 1334 513 vocabulo
1378 470 1653 525 significatur
1691 484 1740 515 ac

103 539 264 594 verbis,
312 553 426 596 quae
469 541 587 597 apud
636 543 874 595 scriptores
923 542 1191 595 posteriores
1225 544 1481 584 occurrunt:
1515 535 1741 596 διάρριψις

103 610 225 665 (Xen.
265 610 405 656 Anah.
451 611 501 662 V,
535 613 575 666 8,
606 612 655 666 3;
703 611 810 655 Plut.
845 611 939 668 LyS.
972 611 1049 655 27:
1100 604 1176 668 τὴν
1208 608 1252 652 ὲν
1283 603 1450 652 Λῧλίὸι
1491 610 1575 652 τῶν
1620 608 1742 667 ἱερῶν

15 729 18 734 ¹
104 674 370 738 ὄιάρριψιν);
401 675 609 738 ὃιάρριμα
642 682 745 726 Xen.
778 695 874 726 ven.
906 682 946 730 4.
978 682 1016 725 4.

222 769 467 830 θόρυβος
497 775 624 832 (Prat.
662 777 686 828 Ι,
722 777 775 826 1.)

224 859 268 904 ln
287 871 492 904 sermone
516 861 640 916 epico
659 859 742 903 hoc
765 872 927 916 nomen
950 872 1039 904 non
1064 863 1142 904 est.
1196 859 1366 904 Praeter
1384 860 1600 904 Pratinam
1621 861 1740 905 Pind.

102 942 281 988 quoque
313 930 427 975 hanc
458 943 612 975 vocem
646 930 780 975 habet
812 930 984 987 Olymp.
1016 930 1061 984 X,
1080 931 1158 974 88:
1191 929 1266 972 καὶ
1299 928 1520 984 συμμαχία
1552 926 1741 987 θόρυβον

105 997 354 1058 παραίθυξε
383 999 530 1058 μέγαν.
588 1001 640 1046 Ut
671 1001 788 1058 apud
824 1001 958 1055 pind„
1000 1004 1057 1045 ita
1091 1002 1207 1058 apud
1242 1015 1399 1046 omnes
1432 1002 1521 1047 fere
1555 1005 1740 1059 scripto-

102 1086 174 1119 res
197 1066 388 1130 θόρυβος
407 1073 647 1118 tumultum
673 1072 910 1129 significat,
942 1075 1015 1129 qui
1040 1073 1222 1117 auribus
1247 1076 1500 1129 concipitur.
1535 1074 1739 1131 Exempla

102 1144 306 1190 afferam:
347 1144 483 1201 Soph.
518 1144 624 1188 Phil.
659 1145 775 1189 1263
815 1140 883 1194 τίς
922 1134 974 1186 αὖ
1006 1135 1111 1200 παρ’
1144 1134 1315 1199 ἄντροις
1348 1138 1535 1200 θόρῑβος
1565 1146 1738 1187 ἵσταται

100 1214 228 1273 βοῆςς
278 1216 374 1260 Eur.
421 1215 490 1260 Or.
536 1216 623 1260 905
682 1209 858 1271 θορύβῳ
920 1230 966 1257 τε
1016 1212 1198 1266 πίσυνος
1251 1208 1449 1269 κάμαθεῖ
1498 1214 1741 1274 παρρησίας

103 1287 235 1332 simil.
266 1287 488 1344 Aristoph.
534 1287 630 1344 Lys.
669 1288 770 1331 328.
835 1287 1033 1331 Pratinas
1082 1287 1163 1331 hac
1210 1300 1316 1331 voce
1366 1288 1738 1343 perturbationem

102 1359 223 1404 chori
248 1359 484 1415 significat,
517 1371 630 1416 quae
653 1371 705 1403 eo
728 1362 796 1403 est
819 1358 987 1408 effecta.
1020 1359 1139 1415 quod
1164 1359 1394 1403 hominum
1420 1363 1576 1403 cantus
1609 1360 1740 1404 tibia-

103 1443 199 1475 rum
242 1443 356 1476 sono
397 1434 467 1475 est
507 1432 804 1486 postpositus.
869 1430 1009 1474 Unum
1053 1433 1224 1474 tantum
1267 1430 1410 1474 locum
1457 1433 1615 1484 inveni,
1663 1431 1737 1475 ubi

103 1495 294 1559 θόρυβος
334 1503 469 1546 animi
513 1501 887 1558 perturbationem
923 1503 1143 1557 exprimit:
1190 1501 1324 1557 Soph.
1359 1502 1422 1544 Αἰ.
1458 1502 1542 1545 142
1576 1495 1634 1551 ὡς
1665 1500 1737 1543 καὶ

193 1606 202 1615 .
245 1571 314 1615 νῦν
353 1606 363 1614 .
398 1605 407 1615 .
443 1606 451 1615 .
493 1566 675 1630 μεγάλοι
733 1566 915 1628 θόρυβοι
963 1564 1187 1624 κατέχουσ’
1237 1565 1347 1629 ἡμᾶς
1395 1570 1471 1613 ἐπὶ
1521 1569 1737 1630 δυσκλείᾳ.

101 1643 138 1689 Α
178 1646 323 1702 poetis
355 1646 534 1702 tragicis
568 1647 610 1689 et
642 1646 824 1688 comicis
858 1650 900 1688 et
933 1647 1087 1700 postea
1122 1656 1254 1699 saepe
1283 1657 1367 1688 vox
1402 1657 1480 1687 nec
1514 1657 1601 1688 non
1625 1644 1740 1688 deri-

102 1719 205 1761 vata
237 1719 280 1760 et
311 1718 559 1772 composita
592 1719 805 1771 usurpata
839 1715 998 1771 sunt.¹)

221 1805 827 1868 θριαμβοδιθύραμβος
858 1811 983 1864 (Prat.
1019 1811 1042 1864 Ι,
1076 1810 1163 1864 16.)

221 1895 315 1940 Hoc
361 1908 523 1940 nomen
571 1906 598 1939 a
631 1894 802 1938 Pratina
853 1894 949 1938 solo
998 1897 1259 1949 usurpatum
1309 1898 1388 1938 est.
1463 1895 1736 1939 Vocabulum

101 1959 379 2023 διθύραμβος
425 1965 643 2010 habemus
691 1966 808 2022 apud
857 1965 1015 2009 Archil.
1050 1965 1127 2015 74;
1178 1965 1304 2018 Pind;
1352 1965 1507 2009 Aesch.
1540 1966 1619 2021 frg.
1651 1966 1739 2010 392

102 2041 271 2095 postea.
332 2038 469 2083 Miror
515 2037 634 2094 quod
684 2037 789 2081 illud
839 2036 1103 2081 vocabulum
1149 2038 1446 2091 compositum
1492 2038 1575 2080 iam
1620 2037 1737 2092 apud

0 2150 5 2176 z
102 2109 321 2154 Pratinam
355 2113 518 2164 exstat;
550 2122 653 2153 nam
674 2121 773 2167 *vox
807 2105 1026 2163 θρίαμβος
1058 2107 1255 2150 Pratinae
1288 2107 1563 2162 temporibus
1598 2109 1739 2152 inusi-

0 2177 5 2225 ξ
52 2231 54 2234 v
101 2183 192 2226 tata
234 2194 337 2226 esse
375 2180 570 2235 videtur;
619 2177 859 2236 (θρίαμβος
899 2179 1084 2223 occurrit
1125 2177 1203 2233 frg.
1256 2178 1352 2221 mel.
1394 2178 1463 2221 ad.
1507 2179 1560 2222 61
1596 2169 1741 2231 Ἴακχε

0 2246 3 2255 ’
102 2247 308 2307 θρίαμβε,
357 2246 410 2294 σὺ
437 2250 571 2294 τῶνδε
602 2249 758 2307 χοραγέ
769 2269 780 2301 ‚-
827 2249 986 2294 Cratin.
1041 2248 1158 2304 apud
1194 2247 1313 2292 Suid.
1355 2261 1389 2291 s.
1423 2263 1463 2292 ν.
1497 2239 1740 2303 ἆναρὺτεινς

105 2322 228 2368 Diod.
249 2323 290 2378 4,
310 2324 362 2379 5;
394 2322 612 2380 saepIus);
646 2325 748 2367 item
783 2322 947 2366 desunt
980 2322 1160 2364 nomina
1195 2332 1292 2362 cum
1328 2319 1408 2363 hac
1441 2330 1547 2364 voce
1581 2320 1739 2366 cohae—

103 2395 254 2439 rentia.
305 2391 529 2451 θρίαμβος
569 2394 653 2438 hoc
686 2394 782 2438 loco
817 2393 998 2447 Dionysi
1035 2403 1281 2445 cognomen
1315 2394 1403 2443 est;
1451 2391 1567 2445 apud
1603 2393 1739 2445 scrip-

100 2468 222 2512 tores
255 2478 398 2512 rerum
432 2465 742 2510 historicarum
775 2462 1047 2518 triumphum
1083 2460 1365 2516 significat.²)

221 2559 436 2615 θυμέλα
467 2559 594 2618 (Prat.
626 2560 650 2614 Ι,
682 2559 743 2615 2.)

222 2646 254 2690 Ε
285 2645 420 2691 verbo
468 2638 594 2687 θυειν
633 2644 741 2688 haec
780 2655 865 2686 vox
905 2640 1019 2684 facta
1063 2638 1236 2682 videtur
1278 2651 1392 2682 esse.
1457 2639 1579 2684 Suid.
1625 2655 1659 2686 5.
1699 2657 1738 2687 ν.

101 2711 253 2776 σκηνήζ
301 2749 310 2759 .
345 2749 354 2758 .
390 2749 399 2758 .
434 2749 444 2758 .
479 2711 573 2758 ἔστι
614 2709 723 2769 μετὰ
764 2708 839 2770 τὴν
879 2704 1111 2767 ορχῄστραν
1149 2703 1297 2762 βωμὸς
1334 2708 1409 2752 τοῦ
1451 2707 1676 2765 Διονίσου,
1717 2703 1741 2755 ὁ

222 2911 250 2955 ¹)
275 2909 324 2945 cf.
351 2909 491 2955 Meyer,
519 2909 664 2946 Griech.
692 2909 813 2954 Etym.
841 2909 895 2951 ΙΙΙ,
923 2919 958 2953 p.
984 2909 1098 2953 4622‘3.

223 2970 250 3014 ²)
275 2969 324 3005 cf.
353 2968 483 3014 Meyer
510 2969 564 3012 ΙΙΙ,
591 2979 626 3013 p.
653 2969 722 3004 472
749 2979 778 3003 5.
808 2979 844 3003 ν.
871 2968 1063 3013 θρίαμβος.
