1994 3236
950 209 1235 250 ..64-

286 319 344 363 De
378 333 580 365 sermone
614 322 781 374 horum,
834 334 945 378 quos
981 326 1202 368 nominavi
1252 330 1477 380 poetarum
1522 340 1618 370 cum
1665 327 1770 372 nibil
1814 328 1904 372 lere

284 402 425 446 usque
466 391 519 434 ad
560 392 642 436 hoc
678 396 854 448 tempus
898 396 955 437 sit
997 396 1219 449 scriptum,
1259 396 1469 439 nonnulla
1508 397 1756 452 prolaturus
1789 411 1903 453 sum,

283 472 394 515 quae
427 461 479 504 ad
515 475 761 506 sermonem
797 463 993 507 Pratinae
1026 466 1383 520 cognoscendum
1418 471 1521 510 sunt
1554 467 1722 512 idonea.

400 531 445 574 A.
479 532 633 576 Poetas
667 533 825 588 lyricos
849 533 1109 578 Graecorum
1136 536 1271 578 multa
1297 549 1409 579 nova
1439 537 1651 581 vocabula
1675 539 1902 590 invenisse

283 605 324 644 et
356 614 399 645 re
432 605 607 646 metrica
651 607 826 647 coactos
869 608 909 647 et
942 617 1152 648 novarum
1197 619 1336 649 rerum
1379 607 1565 661 cupidos
1607 609 1692 651 iam
1730 608 1898 652 dudum

282 675 349 715 est
389 673 751 717 demonstratum.
814 674 950 716 Etiam
996 675 1190 719 Pratinas
1234 689 1373 720 novas
1419 689 1549 720 voces
1590 677 1729 721 finxit.
1791 677 1900 722 Cum

280 742 334 784 ad
369 742 480 785 hanc
514 756 600 786 rem
636 745 984 798 perspiciendam
1020 749 1061 788 et
1084 747 1124 788 in
1151 746 1347 790 Pratinae
1371 751 1412 790 et
1435 749 1476 789 in
1501 751 1740 791 ceterorum
1766 761 1900 804 supra

280 812 507 856 allatorum
557 818 781 868 poetarum
831 827 1077 859 sermonem
1124 817 1404 871 inquirerem,
1452 817 1539 860 vidi
1583 818 1895 863 vocabulorum

279 895 492 926 novorum
527 884 739 938 permulta
773 897 872 928 esse
904 885 1118 928 adiectiva
1150 889 1407 941 composita.
1458 888 1602 943 ltaque
1636 889 1777 943 primo
1801 889 1899 932 loco

279 953 332 995 de
367 952 448 996 hoc
480 966 635 996 vocum
672 967 829 1008 genere
861 967 1001 1009 agam.
1023 959 1050 1005 ¹)

385 1105 437 1159 a)
482 1106 548 1150 Ac
581 1108 789 1162 primum
823 1108 1017 1162 quidem
1051 1108 1207 1152 affero
1239 1109 1485 1153 Adiectiva
1517 1113 1788 1166 composita

915 1178 1260 1231 adverbialia.²)

883 1282 919 1325 1.
975 1282 1285 1326 Pratinae.

391 1353 605 1412 εὔτυκος
637 1360 681 1412 ἐς
709 1357 833 1416 χορόν
863 1364 976 1418 (2,1).

391 1433 481 1476 lloc
515 1435 691 1477 nomine
726 1435 839 1477 idem
875 1435 1149 1490 significatur
1181 1435 1298 1490 quod
1323 1448 1428 1479 voce
1450 1425 1677 1486 εἴτυκτος.
1705 1427 1894 1486 Ε’ύτυκος

274 1505 315 1546 in
365 1503 632 1547 carminibus
675 1504 917 1548 Homericis
966 1518 1053 1549 non
1103 1507 1340 1558 invenitur,
1385 1518 1482 1548 cum
1529 1496 1725 1556 ⁶2²1va
1772 1519 1893 1551 com-

270 1573 470 1628 pluribus
504 1574 612 1617 locis
645 1577 806 1617 exstet:
855 1574 894 1617 ll.
935 1578 971 1614 Γ
995 1575 1102 1625 336;
1157 1575 1193 1615 O
1222 1575 1332 1628 480;
1379 1577 1424 1615 ΙΙ
1456 1575 1562 1630 137;
1603 1575 1681 1620 od.
1721 1574 1746 1627 ξ
1782 1576 1892 1630 276;

269 1659 293 1695 χ
325 1644 422 1687 123.
479 1643 753 1699 significatio
786 1645 1038 1700 principalis
1071 1645 1143 1699 (z
1176 1645 1287 1688 bene
1319 1644 1479 1699 factus)
1513 1645 1613 1689 huic
1645 1647 1740 1690 voci
1775 1648 1891 1690 inest

271 1714 423 1758 Aesch.
458 1713 606 1769 Suppl.
644 1714 730 1757 970
763 1707 957 1767 ἕνθ’ὖμῖν
989 1711 1106 1755 ἐστιν
1135 1705 1331 1764 εὐτύκους
1362 1711 1492 1756 ναίειν
1513 1709 1694 1768 δόμους;
1725 1714 1891 1760 Callim.

271 1785 417 1840 hymn.
450 1784 499 1837 V,
531 1785 569 1827 3.
602 1784 674 1824 καὶ
698 1777 725 1824 ἆ
748 1778 853 1834 θεὸς
874 1776 1046 1835 εὔτυκος
1078 1783 1216 1840 ἕρπει’.
1267 1786 1502 1841 lmproprie
1524 1786 1630 1830 haec
1652 1799 1736 1830 vox
1760 1799 1890 1831 usur-

269 1859 369 1910 pata
418 1858 485 1898 est
531 1854 604 1909 (=
647 1859 838 1910 paratus,
880 1855 1127 1911 promptus)
1174 1855 1330 1899 Aesch.
1372 1855 1521 1912 Suppl.
1559 1857 1645 1900 985
1693 1853 1784 1906 πᾶς
1821 1872 1890 1907 τις

269 1922 471 1966 ἐπειπεῖν
506 1919 641 1979 ψόγον
671 1916 930 1979 ἀλλοθρόοις
960 1916 1142 1974 εὔτυκος.
1196 1926 1288 1969 Ηοε
1311 1925 1507 1970 Pratinae
1534 1926 1629 1970 loco
1651 1929 1747 1970 voci
1772 1929 1889 1971 inest

268 1995 553 2050 significatio:
597 1995 768 2045 habilis,
811 1997 1019 2046 idoneus;
1065 2009 1194 2052 quam
1238 1996 1606 2051 significationem
1650 1996 1752 2040 alibi
1796 2010 1886 2041 non

268 2068 477 2110 invenies.
549 2066 639 2109 Hoc
687 2065 883 2110 Pratinae
925 2070 1094 2110 tantum
1141 2066 1235 2110 loco
1277 2056 1448 2116 εἴτυκος
1495 2068 1776 2110 coniunctum
1818 2070 1888 2111 est

266 2149 363 2178 cum
399 2133 465 2184 39,-
499 2150 639 2191 neque
672 2150 827 2180 vocum
862 2139 1125 2192 compositio
1157 2127 1354 2186 ε’ύτικτος
1384 2133 1445 2186 εἰς
1475 2137 1542 2181 vel
1577 2134 1620 2186 ἐς
1651 2137 1751 2182 aliis
1774 2137 1884 2182 locis

266 2210 420 2248 exstat.
484 2206 567 2248 lam
613 2208 654 2248 in
698 2219 899 2250 sermone
942 2209 1064 2261 epico
1106 2207 1344 2261 permultae
1386 2209 1732 2263 compositiones
1776 2219 1883 2251 voce

264 2267 563 2319 ‹sb—formatae
609 2276 883 2329 adhibentur,
941 2287 1052 2331 quas
1109 2290 1362 2320 enumerare
1411 2278 1589 2332 longum
1641 2281 1719 2330 est,
1777 2279 1879 2321 item

266 2348 307 2388 in
357 2358 559 2389 sermone
608 2346 740 2401 lyrico
788 2346 919 2389 huius
966 2348 1140 2401 generis
1189 2347 1401 2390 vocabula
1450 2347 1584 2390 multa
1638 2351 1883 2400 occurrunt,

265 2426 449 2468 quorum
485 2415 695 2459 nonnulla
729 2416 1015 2459 conscribam.
1065 2417 1188 2464 θεῖος
1219 2410 1451 2472 προφάτας
1480 2407 1652 2466 εῧτυκος
1684 2416 1882 2472 Bacchyl.

381 2579 406 2621 ¹)
432 2578 624 2615 Adiectiva
653 2579 784 2614 similia
813 2579 992 2614 allaturus
1020 2580 1198 2623 imprimis
1226 2579 1424 2623 lyricorum
1452 2583 1644 2623 poetarum
1669 2579 1879 2624 fragmenta

262 2637 506 2680 perlustrabo.

380 2697 405 2737 2)
442 2696 718 2731 Adiectivorum
755 2697 975 2732 divisionem
1013 2698 1152 2741 sumpsi
1180 2708 1197 2732 e
1224 2698 1317 2732 libro
1346 2696 1609 2740 Kuhner-Blass,
1648 2696 1877 2732 Grammatik

262 2755 324 2789 der
350 2755 486 2799 griech.
514 2755 675 2799 Sprache
703 2755 725 2797 l,
753 2756 783 2797 2,
814 2754 913 2797 1892,
948 2765 982 2799 p.
1009 2756 1079 2790 313
1104 2766 1183 2800 sqq.
1211 2775 1255 2779 —
1282 2755 1473 2790 Adiectiva
1505 2756 1714 2799 composita
1740 2764 1879 2800 prono-

261 2814 431 2856 minibus,
470 2814 822 2857 praepositionibus,
861 2827 883 2846 α
922 2815 1110 2858 privativo
1149 2814 1248 2858 quod
1276 2814 1411 2849 dicitur
1443 2814 1603 2849 formata
1640 2813 1793 2848 exclusi.
1830 2833 1876 2839 —

260 2872 295 2907 ln
346 2872 635 2916 fragmentorum
687 2873 847 2907 numeris
898 2872 1098 2908 afferendis
1148 2873 1348 2908 editionem
1398 2872 1679 2908 fliller-Crusius
1729 2882 1876 2917 sequor.

258 2931 354 2974 (ips.
383 2932 497 2969 1911.)
