1994 3236
949 230 997 233 --
1062 206 1236 248 (32—

398 320 499 364 Cod.
528 322 560 364 A
600 322 729 365 habet
765 315 1042 382 Λαριάτισιν;
1076 322 1114 364 Ρ.
1149 322 1196 365 V.
1233 322 1268 365 L.
1302 318 1542 375 Ιὶαρίϊισιν.
1606 321 1700 364 Vox
1731 322 1896 366 codicis

280 389 313 432 A
363 391 492 434 nobis
541 396 607 435 est
655 397 826 435 servata
873 405 896 435 a
945 391 1092 447 Steph.
1145 392 1241 447 Byz.
1289 392 1312 435 l.
1362 392 1385 434 l.
1432 404 1471 446 p.
1521 391 1608 435 359
1660 391 1744 436 sub
1790 404 1897 436 voce

282 458 435 515 Λαριά,
466 455 491 518 ἡ
521 456 637 517 χώρα
669 495 677 503 .
713 494 721 502 .
757 494 765 503 .
801 495 808 502 .
845 459 935 503 ἔστι
976 463 1048 503 καὶ
1084 456 1322 518 Καριάτης·
1372 458 1464 502 ἔστι
1507 460 1581 502 καὶ
1602 460 1895 518 ’Καριᾶςι-ις,
1930 457 1935 463 ’

281 530 353 570 καὶ
417 529 554 586 Καρίς
618 524 711 573 ἀπὸ
786 531 860 588 τῆς
920 526 1065 588 Καρός
1134 530 1309 589 γενικῆς.
1373 532 1660 588 Dalechamps
1721 534 1898 588 scripsit

282 595 545 654 liam-cimam
591 616 673 647 suo
721 606 822 656 iure,
862 607 909 646 ut
949 605 1115 658 opinor.
1179 603 1284 646 Nam
1334 596 1485 657 Καρία
1524 602 1629 646 urbs
1684 606 1774 647 erat
1821 602 1898 646 La-

280 675 474 725 conicae,
519 679 559 716 et
611 675 893 717 verisimilius
953 678 1020 717 est
1072 674 1314 717 saltatrices
1365 674 1481 717 chori
1535 673 1677 717 fuisse
1726 686 1778 717 ex
1826 673 1897 716 illa

283 743 515 787 Laconicae
555 744 660 787 urbe
693 757 822 799 quam
865 758 915 788 ex
949 743 1082 797 Caria,
1127 757 1391 800 quamquam
1426 744 1671 800 Aeschylus
1701 743 1896 788 fabulam

282 815 469 868 scripsit,
511 816 577 857 cui
625 818 714 857 erat
747 827 907 858 nomen
942 812 1082 868 Κᾶρες
1112 806 1137 870 ἢ
1172 805 1356 870 Εὐρώπη
1398 814 1564 868 (Nauck
1595 826 1634 870 p.
1665 814 1753 868 32),
1795 815 1895 857 item
1933 838 1952 852 ο

281 883 565 938 Antiphanes,
608 889 735 939 poeta
769 887 963 928 comicus
998 885 1128 928 huius
1163 887 1355 928 nominis
1382 885 1577 928 fabulam
1608 885 1748 938 finxit,
1782 884 1897 928 idem

282 954 511 1006 (leeineke,
535 954 698 1009 Fragm.
732 956 882 998 comic.
909 955 933 998 l.
957 955 1063 998 Berl.
1088 955 1215 1002 1847,
1240 968 1296 1010 p.
1318 955 1422 1008 917)
1445 967 1525 999 nec
1547 967 1634 999 non
1657 954 1899 998 Menander

281 1024 455 1068 fabulas
489 1027 770 1079 scripserunt,
804 1038 915 1080 quae
939 1025 1238 1068 inscrIbuntur
1260 1022 1436 1081 Καρίνη.
1485 1025 1634 1080 (Mein.
1657 1025 1699 1079 ll,
1721 1037 1761 1081 p.
1781 1025 1898 1079 917).

283 1094 522 1137 Pausanias
557 1095 614 1146 lll,
659 1096 727 1148 10,
759 1095 785 1138 7
828 1095 880 1138 de
923 1095 1008 1138 illis
1053 1095 1347 1156 saltatricibus
1390 1095 1514 1139 dicit:
1563 1088 1712 1150 χοροὺς
1751 1093 1799 1137 δὲ
1832 1091 1898 1135 ἐν-

285 1162 425 1205 ταῦθα
456 1166 517 1219 (ἰη
561 1165 676 1217 urbe,
710 1167 777 1208 cui
811 1169 879 1208 est
911 1178 1071 1208 nornen
1107 1163 1275 1220 Καρῖα)
1314 1161 1356 1205 αἱ
1391 1161 1755 1219 Λακεδαιμονίων
1785 1180 1898 1220 παρ-

282 1232 405 1275 θένοι
447 1228 556 1275 κατὰ
601 1231 695 1284 ἔτος
736 1231 892 1284 ἱστᾶσι,
941 1233 1013 1275 καὶ
1060 1229 1291 1291 ἐπιχώριος
1335 1228 1482 1286 αὐταῖς
1527 1234 1797 1293 καθέστηκεν
1827 1226 1898 1290 ’ὀρ-

279 1319 411 1361 marg.
476 1305 622 1361 Steph.
657 1305 753 1361 Byz.
787 1305 871 1348 sub
904 1299 1054 1359 Καρία
1086 1308 1281 1362 scripsit:
1326 1302 1479 1361 χωρίον
1516 1304 1592 1367 τῇς
1622 1304 1899 1363 Λακωνικῆς.

287 1370 556 1429 Θεόπομπος
588 1370 653 1419 νέ.
694 1376 834 1431 (frgm.
867 1376 949 1419 231
995 1376 1345 1427 Grenfell-Hunt)
1409 1369 1430 1417 ὃ
1463 1371 1644 1433 οἷκήτωρ
1676 1370 1902 1433 Καρυάτης

281 1446 354 1486 καὶ
402 1440 590 1502 θηλυκὸν
637 1444 853 1501 Καρινᾶτις
899 1445 970 1486 καὶ
1018 1449 1234 1499 Ικῖαρυαῖος
1280 1447 1350 1487 καὶ
1402 1442 1602 1502 Καρυεὺς.
1665 1446 1739 1488 καὶ
1786 1451 1898 1489 Κα-

280 1515 468 1569 ρι,·ἇτις
498 1514 734 1569 μέλισσα
765 1508 858 1557 ἄντι
882 1515 954 1558 τοῦ
980 1511 1233 1573 Λακωνική.
1269 1511 1419 1570 Καρία
1439 1511 1528 1574 -γὰρ
1559 1509 1716 1559 αὐτόθι
1747 1511 1898 1568 τόπος.

283 1588 431 1642 Bergk,
474 1588 496 1631 l.
530 1588 554 1631 l.
585 1588 673 1631 560
715 1591 837 1643 putat
871 1600 1002 1631 voces
1037 1587 1183 1643 Steph.
1217 1587 1313 1643 Byz.
1347 1586 1564 1642 Καρυᾶτις
1593 1587 1780 1641 μέλισσα
1809 1589 1900 1633 for-

280 1662 402 1701 tasse
435 1658 631 1701 Pratinae
663 1671 774 1701 esse.
837 1657 929 1708 Qua
978 1658 1031 1701 de
1078 1671 1122 1702 re
1169 1662 1281 1701 certa
1329 1659 1470 1702 dicere
1512 1671 1600 1703 non
1643 1671 1899 1714 possumus,

281 1729 442 1771 Tamen
477 1729 840 1772 verisimillimum
887 1732 954 1771 est
987 1729 1066 1772 has
1101 1741 1231 1772 voces
1265 1742 1364 1772 esse
1396 1729 1712 1774 adscribendas
1745 1733 1899 1784 poetae

281 1799 421 1841 alicui
484 1798 590 1841 Nam
631 1802 855 1853 poetarum
900 1799 1067 1842 similes
1110 1799 1189 1842 loci
1230 1799 1372 1843 afferri
1416 1803 1628 1855 possunt:
1679 1799 1899 1856 Aristoph.

282 1869 357 1912 AV.
389 1868 550 1924 749s50
597 1865 721 1909 ἐνθεν
752 1861 900 1923 ὥσπερ
931 1862 953 1924 ἡ
986 1867 1166 1920 μέλιττα
1199 1863 1403 1925 Φρένιχος
1447 1860 1695 1924 ἀμβροσίων
1738 1869 1900 1923 μελέων

281 1933 552 1992 ἀπεβόσκετο
584 1933 763 1993 καρπόν.
798 1939 904 1982 Eccl.
936 1940 1043 1982 973:
1083 1938 1263 1992 μέλιττα
1293 1933 1465 1996 μούσης·
1530 1940 1648 1984 Pind-
1681 1939 1800 1996 Pyth·
1833 1939 1898 1994 IV,

282 2011 340 2053 60
372 2007 420 2050 σὲ
459 2001 496 2050 δ’
532 2007 575 2049 ἐν
615 2003 751 2064 τούτῳ
788 2003 900 2064 λόγῳ
948 2003 1134 2064 χρησμὸς
1180 2000 1386 2064 ὤρθωσεν
1428 2007 1636 2063 μελίσσας
1682 2006 1901 2067 Δελφίδος

283 2073 510 2134 αὐτομάτῳ
532 2077 718 2135 κελαόᾦ;
751 2079 801 2123 cf.
821 2079 954 2124 schol.
980 2079 1032 2123 ad
1061 2079 1177 2123 hunc
1200 2080 1342 2124 locum
1367 2084 1409 2124 et
1431 2081 1567 2137 Etym.
1589 2080 1647 2124 m.
1669 2092 1709 2136 p.
1731 2079 1899 2134 577‚40.

283 2150 388 2194 Cum
424 2164 475 2194 ex
518 2151 625 2193 locis
674 2150 817 2193 allatis
863 2154 1070 2205 appareat
1117 2150 1187 2193 illa
1232 2149 1362 2193 verba
1400 2149 1547 2206 Steph.
1585 2149 1681 2206 Byz.
1712 2163 1738 2194 a
1770 2154 1899 2206 poeta

283 2221 474 2276 quodam
520 2233 619 2263 esse
658 2220 771 2270 ficta,
814 2220 1042 2273 Pratinam,
1086 2222 1247 2275 quippe
1289 2222 1359 2275 qui
1405 2220 1599 2264 fabulam
1633 2213 1900 2276 Καρυάτιδες

282 2293 603 2345 conscripserit,
637 2290 871 2333 verisimile
905 2290 1080 2345 quidem
1115 2293 1182 2333 est
1215 2290 1326 2333 hanc
1350 2303 1505 2334 vocum
1529 2292 1896 2345 compositionem

282 2361 512 2405 formasse.

344 2653 446 2720 ΙΙΙ.
518 2658 609 2726 De
663 2658 968 2726 Pratinae
1019 2679 1334 2726 sermone
1384 2659 1846 2743 quaestiones.

403 2780 454 2824 Ut
477 2793 723 2824 sermonem
748 2784 901 2836 poetae
924 2781 1108 2824 alicuius
1131 2783 1329 2824 accurate
1352 2791 1686 2835 cognoscamus,
1715 2791 1896 2823 necesse

283 2854 352 2894 est
377 2852 602 2907 inquirere,
635 2854 852 2906 quatenus
885 2855 1110 2906 poetarum
1134 2853 1326 2906 priorum
1351 2862 1598 2894 sermonem
1627 2851 1686 2892 sit
1707 2851 1898 2900 secutus,

283 2925 502 2976 quatenus
546 2933 642 2963 cum
684 2933 885 2964 sermone
928 2921 1110 2964 aliorum
1144 2923 1369 2975 poetarum
1413 2932 1518 2963 suae
1560 2921 1701 2974 ipsius
1741 2919 1898 2962 aetatis
