1994 3236
939 207 1223 250 -74-

390 334 431 377 B.
483 335 567 377 lam
603 336 812 378 nonnulla
853 335 1067 391 proferam
1117 336 1182 379 de
1226 336 1482 380 Pratinae
1514 336 1717 393 Cydiae
1762 337 1889 381 Dia-

271 417 432 459 gorae
482 405 600 448 Lasi
649 405 1057 461 Melanippidis
1106 406 1380 450 Praxillae
1417 407 1670 451 Telestis
1701 407 1886 452 aliorum

271 475 583 518 vocabulorum
617 489 713 519 usu.

388 558 425 588 a.
460 546 695 599 Vocabula‚
728 559 839 602 quae
861 548 976 602 apud
1002 547 1216 590 Pratinam
1242 551 1496 604 ceterosque
1519 552 1672 603 poetas
1695 550 1884 604 primum

271 619 501 660 occurrunt
533 616 598 660 vel
634 629 745 672 quae
787 618 981 661 nondum
1027 621 1130 661 sunt
1171 622 1380 673 usurpata
1424 620 1466 662 in
1509 631 1711 663 sermone
1751 621 1889 675 epico.

732 735 765 778 1.
799 735 871 779 De
904 736 1129 780 pratinae
1161 737 1423 781 vocabulis.

847 819 885 861 1.
934 818 1311 862 Substantiva.

389 892 410 938 ό
447 893 685 953 Βρόμιος
715 899 843 949 (Prat.
879 901 903 953 l,
934 901 990 952 3).

389 969 430 1012 {n
465 982 591 1012 carm.
625 970 740 1013 hom.
774 970 856 1014 hoc
889 983 1048 1014 nomen
1082 970 1325 1014 adhibitum
1361 984 1448 1015 non
1482 975 1560 1015 est.
1621 971 1735 1022 Quin
1779 971 1889 1016 haec

269 1052 353 1082 vox
400 1039 513 1082 facta
563 1042 620 1083 sit
667 1053 689 1083 e
736 1053 842 1084 voce
880 1034 1052 1094 βρόμος,
1102 1041 1284 1084 dubium
1319 1054 1419 1085 esse
1451 1054 1539 1086 non
1573 1045 1730 1097 potest.
1791 1042 1886 1086 Vox

267 1103 426 1164 βρόμος
473 1110 526 1153 de
575 1112 674 1165 igne
721 1110 966 1162 dicebatur;
1028 1111 1250 1166 significat
1301 1114 1581 1167 ,‚strepitum“
1619 1111 1688 1167 (cf.
1735 1111 1886 1164 Suid.;

270 1180 405 1235 Etym.
447 1180 593 1235 Magn.
636 1194 668 1224 s.
711 1195 751 1224 v.
791 1175 981 1236 βρόμος).
1047 1181 1140 1225 Uno
1183 1182 1278 1226 loco
1318 1195 1444 1225 carm.
1479 1182 1594 1226 hom.
1624 1175 1786 1238 βρόμος
1817 1186 1888 1227 est

269 1252 500 1306 scriptum:
548 1251 588 1294 ll.
637 1251 678 1292 Ξ
718 1252 805 1294 396
853 1242 946 1292 οὔτε
978 1245 1113 1306 πυρὸς
1145 1246 1300 1302 τόσσος
1331 1266 1376 1307 γε
1407 1251 1531 1294 πέλει
1561 1246 1723 1306 βρόμος
1753 1249 1885 1294 αἶθο-

266 1318 427 1373 μένοιο.
493 1321 604 1366 Raro
650 1323 692 1365 in
741 1321 918 1378 hymnis
967 1329 1009 1366 et
1055 1326 1208 1378 postea
1257 1326 1467 1378 usurpata
1515 1326 1583 1367 est
1635 1323 1741 1368 haec
1787 1335 1887 1368 vox.

268 1391 499 1441 Quomodo
533 1405 584 1435 ex
617 1392 768 1436 adiect.
800 1386 979 1445 βρόμιος
1011 1393 1151 1436 subst.
1214 1387 1404 1448 Βρόμιος
1446 1396 1588 1438 ortum
1622 1395 1691 1448 sit,
1731 1407 1754 1438 e
1786 1393 1889 1437 Pin-

268 1462 359 1505 dari
394 1462 662 1506 carminibus
696 1465 902 1518 cognosci
937 1467 1095 1518 potest.
1158 1463 1322 1507 Adiect.
1357 1463 1475 1508 Nem.
1517 1464 1576 1517 ΙΧ,
1616 1465 1644 1508 8
1675 1455 1768 1505 ἄλλ’
1805 1455 1890 1505 ἀνὰ

265 1530 345 1585 μὲν
373 1529 556 1588 βρομίαν
602 1524 817 1588 φόρμιγγ’,
865 1527 944 1574 ἀνὰ
991 1525 1160 1574 ὁάύλὸν
1207 1525 1279 1574 ἐπ’
1328 1525 1458 1574 αὐτὰν
1503 1525 1682 1589 ὄρσομεν
1713 1529 1888 1575 ἱππίων

266 1595 441 1644 ἀέθλων
471 1598 684 1661 κοριιῳάνς
716 1604 878 1648 Adiect.
910 1604 976 1648 Vel
1011 1604 1151 1648 subst.
1182 1604 1264 1659 frg.
1297 1605 1364 1658 75,
1397 1605 1488 1659 (45)
1521 1605 1575 1648 11
1610 1618 1674 1661 sq.
1697 1602 1891 1659 δεῦτερον

268 1671 346 1715 ἐπὶ
377 1667 450 1715 τὸν
480 1673 738 1716 κισσοδέταν
768 1668 884 1727 θεόν,
920 1668 1108 1729 Βρόμιον
1140 1666 1186 1715 ὅν
1205 1667 1242 1715 τ’
1265 1667 1458 1729 Ἐριβόαν
1487 1689 1532 1716 τε
1561 1673 1708 1728 βροτοὶ
1731 1673 1884 1717 καλέο-

265 1759 353 1797 μεν.
418 1745 460 1788 1η
495 1745 630 1801 Etym.
670 1745 816 1800 Magn.
861 1758 895 1788 s.
944 1759 982 1788 v.
1027 1738 1216 1800 Βρόμιος
1263 1745 1522 1800 explicatum
1571 1749 1651 1799 est,
1697 1758 1782 1802 qua
1830 1746 1886 1790 de

267 1829 401 1859 causa
435 1816 631 1871 Dionyso
678 1816 761 1859 hoc
808 1828 1052 1871 cognomen
1101 1815 1251 1859 datum
1295 1818 1373 1859 sit:
1432 1808 1476 1857 ‘O
1508 1809 1732 1866 Διόνυσος·
1763 1810 1886 1872 παρὰ

265 1881 338 1927 τὸν
382 1880 554 1943 βρόμον.
617 1885 691 1927 καὶ
738 1880 816 1941 γὰρ
862 1884 936 1943 τῆς
981 1885 1164 1942 Σεμέλης
1203 1882 1543 1943 κεραυνωθείσης
1586 1878 1758 1943 ἡρπάγη
1796 1879 1889 1928 ὑπὸ

266 1956 341 1999 τοῦ
388 1950 551 2010 Ἑρμοῦ,
600 1951 710 1998 κατὰ
761 1950 962 2013 Ι[ῑιόόλησιν
1010 1954 1085 1998 τοῦ
1138 1950 1259 2006 Διὸς,
1324 1953 1373 1997 ἐκ
1421 1954 1556 2009 μέσου
1608 1953 1684 1998 τοῦ
1733 1950 1882 2012 πυρός.

267 2028 317 2072 cf.
349 2029 514 2072 {Iuliani
559 2030 706 2083 imper.
739 2027 879 2083 Epigr.
923 2043 950 2067 α
989 2040 1053 2071 vs.
1085 2028 1112 2070 5
1146 2040 1232 2083 sq.;
1278 2027 1449 2071 Diodor.
1482 2028 1548 2081 lV,
1578 2027 1658 2083 5.1)
1688 2027 1895 2084 Aeschy-‚

267 2100 335 2143 lus
401 2099 536 2142 semel
599 2098 711 2141 hanc
767 2110 919 2142 vocem
980 2097 1112 2141 habet
1163 2098 1282 2141 Eum.
1333 2098 1390 2140 24
1437 2092 1628 2154 Βρόμιος
1677 2094 1762 2150 ἔχει
1811 2095 1887 2138 τὸν

263 2162 388 2223 χορόν
436 2162 612 2223 (βρόμος
658 2168 772 2223 Sept.
815 2168 921 2222 213;
976 2168 1084 2222 476;
1125 2168 1204 2223 frg.
1254 2168 1376 2223 195);
1431 2168 1672 2224 Sophocles
1722 2162 1888 2223 βρόμος

265 2242 435 2282 tantum
479 2238 679 2281 adhibuit
728 2240 769 2281 in
810 2238 935 2293 frgm.
967 2238 1073 2292 454;
1121 2237 1340 2293 Aristoph.
1372 2238 1546 2282 Thesm.
1580 2239 1663 2282 991
1698 2231 1883 2293 Βρόμιε;

266 2309 375 2353 Nub.
407 2309 491 2352 311
528 2305 696 2364 Βρομία
725 2302 858 2363 χάρις.
924 2308 1168 2363 Lyricorum
1203 2308 1395 2352 locorum
1438 2308 1640 2352 afferam:
1685 2308 1884 2353 Telestes

268 2381 304 2432 1,
336 2379 390 2422 11
437 2375 614 2434 Βρομίῳ
657 2377 909 2433 παρέδωκες
957 2378 1080 2422 Dion.
1115 2377 1300 2422 Chalcus
1331 2379 1358 2422 3
1406 2376 1624 2435 γυμνασίῳ
1669 2375 1881 2434 Βρομίου;

266 2449 420 2494 Critias
454 2450 491 2503 7,
525 2450 581 2492 10
614 2439 686 2489 ἐπ’
720 2480 729 2489 .
764 2481 773 2488 .
810 2480 818 2488 .
852 2441 1039 2505 ὑψηλαῖς
1069 2451 1278 2505 κορυφαῖς
1310 2445 1524 2504 Βρομίου,-
1566 2447 1720 2504 [Plato]
1752 2448 1821 2501 21,
1851 2448 1881 2491 1

264 2515 337 2562 τὸν
368 2516 559 2575 Βρομίου
593 2512 798 2574 Σάτιτρονς
837 2518 974 2573 Frgm.
1008 2519 1103 2562 mel.
1135 2519 1202 2563 ad.
1234 2520 1292 2563 60
1314 2513 1475 2574 Βρόμιε
1508 2552 1516 2559 .
1551 2551 1560 2559 .
1595 2551 1604 2560 .
1638 2516 1881 2571 πολεμοκέ-

265 2590 395 2642 λαὸε;
428 2590 570 2634 Seolia
602 2589 642 2642 4,
674 2589 700 2632 2
734 2585 946 2644 Βρομίαις
983 2580 1124 2630 ὀπαδὲ
1158 2583 1374 2646 Νύμφαις,
1436 2590 1479 2633 ln
1519 2591 1715 2634 oratione
1746 2600 1880 2644 prosa

266 2656 456 2717 Βρόμιος
488 2675 575 2706 ηοη
609 2663 867 2715 usurpatum
902 2672 1001 2703 esse
1034 2659 1216 2714 videtur,
1250 2662 1292 2703 in
1327 2660 1596 2704 carminibus
1629 2659 1775 2714 raro.²)

384 2764 410 2805 1)
437 2762 570 2798 Suidas
604 2774 732 2798 vocem
770 2761 924 2808 Βρόμιος
957 2774 976 2799 a
1014 2774 1105 2799 voce
1129 2761 1223 2809 βορά
1260 2764 1426 2799 derivat:
1465 2761 1629 2810 Βρόμιος.
1656 2758 1675 2796 ὁ
1700 2759 1882 2798 Διόνυσος.

265 2815 283 2852 ὁ
315 2817 561 2867 γενεσιουργὸς
594 2821 667 2855 τῶν
691 2821 846 2867 καρπῶν.
880 2817 977 2867 παρὰ
1012 2818 1054 2855 τὸ
1085 2819 1179 2868 βοροὶ
1204 2820 1361 2868 βόριμος,
1399 2826 1459 2856 καὶ
1495 2817 1690 2867 ὑπερθέσει
1713 2817 1882 2866 βρόμιας·

266 2879 361 2914 hanc
387 2880 671 2924 explicationem
699 2880 831 2915 falsam
857 2891 940 2915 esse
966 2885 1132 2930 apparet.

384 2941 412 2981 ²)
437 2938 483 2973 cf.
508 2942 656 2983 βρέμειν
681 2939 819 2983 Meyer,
847 2938 989 2974 Griech.
1017 2939 1134 2983 Etym.
1162 2939 1183 2974 1.
1210 2940 1232 2974 l.
1260 2939 1312 2983 lii,
1339 2950 1374 2983 p.
1401 2940 1480 2974 124.
