1994 3236
788 207 1077 251 -73-

233 325 290 371 Ut
324 326 494 371 >melius
539 326 788 370 discernere
829 327 1072 382 possimus,
1120 327 1220 381 quis
1268 325 1398 369 fuerit
1438 340 1548 370 usus
1592 328 1745 371 horum

37 391 41 421 3
110 396 432 443 adiectivorum
479 398 827 453 compositorum
869 396 986 452 apud
1031 399 1204 452 poetas,
1251 396 1305 439 de
1353 397 1515 452 quibus
1565 400 1749 453 egimus,

8 528 9 536 ἵ
37 474 41 481 “
114 467 244 514 liceat
275 481 434 514 omnes
466 480 599 513 voces
633 467 752 512 brevi
788 470 1028 523 conspectu
1061 467 1322 511 describere.

230 539 271 584 1.
320 538 478 592 Semel,
510 541 725 596 quantum
760 540 867 592 scio,
899 540 942 582 in
977 539 1154 593 scriptis
1189 537 1367 582 Graecis
1400 544 1651 583 occurrunt:

108 603 403 666 ᾳῖολὸπτερυξ
967 602 1269 665 κερατόφωνος

34 690 38 691 ’
108 677 346 740 ὀίφρουχος
969 673 1235 736 νυμφαγενής

107 746 432 810 δυσόφθαλμος
968 744 1268 805 πεντάραβδος

108 817 366 878 θυράμαχος
969 815 1265 874 πολυπάταγα

109 888 361 951 ἶερόόαρκυς
967 886 1237 948 χορὸκτιπος

107 961 440 1022 καμψιδίαυλος

229 1037 270 1081 2.
316 1036 444 1094 Apud
478 1039 634 1093 poetas
668 1037 923 1081 nominatos
957 1037 1147 1092 primum
1182 1040 1376 1079 exstant:

27 1110 32 1118 '
105 1098 292 1167 ᾇείζωος
966 1102 1246 1163 κισσοχαίτης

105 1172 383 1236 βαρύβρομος
407 1230 410 1235 ,
445 1161 456 1172 ”
965 1171 1255 1233 ματαιὸλογος

29 1302 33 1306 ¹
103 1241 278 1308 εῧὴλιος
965 1242 1174 1302 μελιβόας

103 1310 317 1380 ἄπτερος
968 1311 1186 1376 ὄξῦφωνος

24 1402 26 1407 ’
103 1382 286 1449 εὔτυκος
475 1410 487 1420 ·
967 1385 1308 1447 ποικιλόπτερος

26 1467 30 1471 ’
107 1459 378 1517 καλλίπνοος

170 1546 176 1555 ··
228 1536 271 1581 3.
320 1535 407 1581 lam
455 1538 558 1580 ante
606 1538 761 1590 poetas
809 1548 861 1579 ex
909 1534 1074 1591 quibus
1119 1535 1243 1578 attuli
1287 1535 1485 1579 adhibita
1532 1538 1637 1578 sunt
1669 1547 1747 1578 vo-

107 1605 289 1661 cabula:

34 1671 35 1674 ¹
104 1668 339 1735 ἆδύφωνος
965 1671 1244 1731 poneba-0209

107 1738 272 1806 εὖώδης
966 1740 1167 1805 εὖῆρατος

115 1870 118 1873 ,
230 1819 273 1864 4.
295 1881 299 1884 ⁴
322 1819 664 1875 Vocabulorum,
697 1833 810 1877 quae
842 1823 1086 1877 conscripsi
1123 1820 1207 1864 sub
1240 1821 1267 1863 2
1300 1824 1342 1864 et
1373 1821 1413 1871 3,
1455 1832 1543 1863 uno
1575 1823 1745 1862 tantum

109 1890 202 1937 alio
234 1891 332 1938 loco
363 1895 470 1937 sunt
501 1895 737 1948 usurpata:

109 1958 376 2018 μαλλίπνοος
970 1956 1311 2017 ποικιλόπτερος

108 2029 392 2092 κισσοχαίτης
966 2028 1174 2088 μελιβόας

231 2105 448 2152 Plurimae
479 2109 718 2151 ceterarum
753 2119 911 2151 vocum
947 2119 1042 2150 raro
1077 2109 1182 2150 sunt
1215 2106 1415 2160 scriptae.

200 2177 354 2223 'Hanc
391 2176 599 2222 tabellam
641 2179 677 2222 si
713 2179 1052 2234 inspexerimus,
1092 2180 1274 2232 apparet
1313 2176 1549 2219 maximam
1592 2174 1745 2218 harum

19 2303 22 2305 ‚
109 2259 272 2294 vocum
307 2252 474 2305 partem
508 2248 565 2293 ab
599 2251 711 2305 ipsis
744 2251 901 2305 poetis,
934 2251 1008 2305 qui
1043 2261 1119 2292 eas
1153 2247 1331 2299 habent,
1365 2259 1466 2291 esse
1497 2245 1745 2290 formatam.

39 2322 42 2323 ’
111 2318 224 2364 Nam
272 2321 428 2377 vigi-nti
477 2333 558 2365 sex
603 2320 920 2365 vocabulorum
970 2320 1174 2364 undecim
1216 2310 1341 2369 ἅπαξ
1381 2310 1586 2373 λεγόμενα
1632 2321 1748 2369 sunt,

47 2405 52 2414 ’
109 2390 318 2443 undecim
350 2391 469 2448 apud
503 2391 587 2437 hos
621 2395 777 2448 poetas
826 2393 1016 2448 primurn
1062 2393 1248 2435 exstant.
1325 2388 1534 2434 SimiIIter
1581 2401 1650 2432 res
1699 2401 1747 2432 se

109 2453 247 2518 habet
276 2462 395 2519 apud
429 2462 678 2516 Pindarum,
711 2465 785 2520 qui
820 2462 958 2506 multa
991 2463 1238 2517 composita
1267 2461 1482 2504 adiectiva
1506 2460 1747 2514 usurpavit,

109 2545 226 2590 quae
271 2533 328 2578 ab
377 2533 476 2587 aliis
525 2533 816 2590 scriptoribus
866 2536 972 2577 sunt
1003 2532 1198 2586 aliena.¹)
1258 2531 1335 2575 Th.
1371 2530 1410 2574 1².
1444 2530 1492 2574 G.
1526 2529 1747 2585 Brauning

105 2603 194 2660 (De
232 2603 465 2648 adiectivis
513 2606 776 2660 compositis
824 2603 942 2660 apud
992 2602 1241 2654 Pindarum,
1290 2602 1460 2645 Bericht
1510 2601 1618 2645 iiber
1665 2600 1746 2644 das

110 2674 241 2732 Kngl.
273 2673 612 2729 Christianeum,
644 2675 803 2719 Aitona
838 2675 961 2728 1880,
1011 2687 1051 2730 p.
1082 2673 1159 2727 48)
1206 2673 1334 2716 docet
1380 2665 1506 2723 fisca}
1549 2667 1747 2727 εἰρημένα

56 2782 59 2786 ,
109 2740 239 2811 apud,
264 2745 500 2790 Pindarum
535 2747 719 2790 inveniri
753 2745 852 2790 370.

234 2914 259 2957 ¹)
287 2913 334 2950 cf.
362 2913 450 2950 Max
478 2912 619 2955 Glaser,
648 2912 711 2948 Die
738 2915 1148 2955 zusammengesetzten
1178 2910 1331 2945 Nomina
1361 2911 1415 2944 bei
1445 2891 1589 2951 Pindar,
1623 2909 1746 2952 Progr.

110 2972 150 3016 d,
174 2972 334 3009 fluman.
361 2972 496 3019 Gymn.
525 2973 560 3008 in
588 2971 761 3015 Amberg.
811 2970 982 3014 Amberg,
1011 2971 1112 3011 1898,
1141 2980 1174 3014 p.
1202 2971 1246 3004 57
1274 2980 1354 3014 sqq.
