1994 3236
1054 210 1219 251 18—

389 337 426 389 c)
476 338 625 381 Restat
674 339 798 381 locus
848 340 1048 380 servatus
1102 339 1143 380 in
1188 337 1534 381 Pseudoacronis
1581 340 1622 380 in
1665 338 1892 382 Horatium

274 408 467 450 scholiis.
508 407 570 450 Ad
597 420 770 450 versum
790 407 876 450 216
898 409 1003 450 artis
1027 408 1221 461 poeticae
1243 406 1406 450 Horatii
1433 411 1690 451 annotatum
1715 408 1838 463 est:¹)
1862 409 1895 462 ²)

274 477 470 529 „Cithara
513 478 837 521 monochordos
869 477 962 526 fuit,
1005 477 1164 520 deinde
1198 477 1406 532 paulatim
1441 478 1590 521 dextra
1623 477 1892 535 l<a>evaque

273 548 485 591 addentes
521 583 527 590 .
562 584 571 592 .
604 583 612 590 .
645 583 652 590 .
686 547 909 602 ponebant
940 547 1178 602 tragoediis
1212 549 1397 603 satyrica
1421 548 1628 602 dramata,
1661 550 1703 592 in
1728 548 1890 605 quibus

271 619 393 661 salva
417 620 645 661 maiestate
662 619 889 672 gravitatis
916 620 1035 661 iocos
1054 617 1312 661 exercebant
1330 618 1572 661 secundum
1592 619 1888 672 „Pratinae“

272 690 607 731 institutionem.
672 688 709 730 ls
755 690 869 731 enim
913 690 1080 742 primus
1124 686 1319 740 Athenis,
1353 688 1549 732 Dionisia
1591 688 1695 732 dum
1729 693 1892 744 essent,

271 761 502 814 satyricam
536 758 729 801 fabulam
780 757 968 811 induxit;
1016 758 1100 800 alia
1137 762 1282 801 autem
1317 762 1462 814 satyra
1494 762 1562 802 est
1595 759 1665 802 illa
1697 759 1892 812 mordax,

274 833 319 871 ut
363 829 520 877 Lucilii,
562 829 739 881 Horatii,
784 828 929 882 Persii,
972 827 1198 872 luvenalis.
1262 829 1533 886 Hae-autem
1566 829 1741 874 fabulae
1773 834 1894 886 saty-

274 901 384 942 ricae
418 899 632 950 dicuntur,
664 903 711 942 ut
741 901 931 954 tragicae
964 903 1005 942 et
1038 901 1264 942 comicae.“

388 970 609 1012 TradItum
671 973 738 1013 est
794 969 1061 1022 „secundum
1108 968 1320 1012 Cratini
1378 971 1735 1015 institutionem“.
1805 969 1889 1014 Sed

274 1039 431 1082 Cratini
467 1053 627 1083 nomen
662 1040 743 1083 hoc
776 1040 871 1083 loco
906 1042 1101 1095 ineptum
1135 1053 1234 1083 esse
1268 1043 1458 1094 apparet.
1527 1039 1635 1083 Nam
1668 1039 1888 1084 Cratinum

275 1111 600 1154 celeberrimum
637 1110 960 1153 comoediarum
995 1113 1167 1165 poetam
1202 1109 1396 1153 fabulam
1431 1112 1662 1166 satyricam
1695 1109 1890 1155 Athenas

276 1183 538 1235 importasse
571 1193 700 1223 nemo
745 1180 887 1224 dicere
928 1184 1107 1235 poterat.
1171 1179 1222 1223 Ut
1262 1180 1360 1223 aliis
1403 1181 1511 1224 locis
1559 1180 1627 1235 (cf.
1675 1180 1786 1224 infra
1838 1181 1892 1225 de

272 1251 357 1293 fab.
408 1250 553 1306 satyr.)
624 1253 681 1294 ita
735 1251 817 1294 hoc
868 1251 1001 1294 schol.
1055 1252 1150 1294 loco
1208 1250 1404 1294 Pratinas
1458 1253 1658 1295 inventor
1716 1250 1892 1296 fabulae

275 1323 487 1375 satyricae
544 1323 805 1364 nominatur.
895 1320 1190 1365 Similitudine
1258 1323 1486 1365 nominum
1546 1320 1790 1374 „Pratinas“
1850 1326 1892 1366 et

272 1390 522 1443 „Cratinus“
568 1391 731 1434 factum
781 1395 859 1444 est,
906 1395 953 1435 ut
995 1404 1019 1434 a
1059 1391 1245 1435 librariis
1294 1404 1371 1447 pro
1419 1391 1590 1436 Pratina
1631 1391 1892 1436 scriberetur

275 1461 433 1504 CratIni
475 1474 647 1505 nomen.
711 1461 816 1505 Nam
857 1463 1036 1506 nomina
1076 1462 1298 1505 simIIlima
1340 1459 1559 1516 Πρατίνας
1601 1465 1644 1506 et
1680 1463 1893 1518 Κρατῖνος

272 1545 298 1574 a
332 1531 618 1586 scriptoribus
651 1532 872 1575 veteribus
906 1534 1084 1587 saepius
1119 1534 1228 1576 inter
1261 1545 1308 1575 se
1341 1535 1584 1587 permutata
1607 1545 1707 1577 esse
1738 1533 1893 1577 viden-

272 1606 353 1645 tur.
417 1602 541 1657 Apud
590 1602 743 1646 Athen.
794 1603 818 1655 1,
859 1615 898 1658 p.
940 1603 996 1645 22
1045 1602 1079 1645 A
1120 1602 1327 1646 traditum
1379 1606 1465 1646 est:
1521 1595 1588 1643 ὅτι
1637 1599 1679 1644 οἱ
1720 1593 1891 1658 ἀρχαῖοι

275 1669 466 1728 nomm-el,
529 1669 712 1722 Θέσπις,
758 1669 985 1727 Πρατίνας,
1032 1674 1254 1727 Κρατῖνος,
1317 1666 1520 1730 Φρύνιχος
1552 1708 1560 1717 .
1589 1709 1599 1718 .
1640 1708 1648 1717 .
1682 1708 1691 1717 .
1731 1673 1801 1728 (cf.
1849 1674 1888 1717 h.

272 1755 428 1786 comm.
462 1755 500 1797 p.
524 1742 610 1794 11).
660 1742 864 1797 Apertum
900 1747 967 1786 est
999 1743 1153 1786 Athen.
1199 1739 1417 1795 Πρατίνας
1451 1744 1595 1787 solum
1638 1746 1891 1799 scripsisse;

273 1816 507 1868 postquam
551 1812 693 1856 scriba
739 1813 902 1868 'aliquis
946 1815 987 1856 in
1037 1815 1231 1867 margine
1279 1817 1431 1856 notum
1479 1826 1638 1857 nomen
1683 1814 1893 1869 Κρατῖνος

274 1882 532 1936 addidisset,
580 1883 695 1938 quod
746 1895 905 1926 nomen
943 1879 1162 1936 Πρατίνας
1208 1896 1294 1926 non
1348 1888 1538 1937 noverat,
1586 1887 1740 1939 postea
1784 1883 1892 1928 haec

271 1953 422 2007 glossa
475 1966 550 2008 per
601 1954 778 1996 alterius
825 1953 993 1997 scribae
1046 1954 1276 2008 segnitiem
1327 1955 1443 1996 iuxta
1499 1956 1738 2009 genuinum
1784 1955 1889 1998 illud

282 2019 493 2076 Πρατίνας
525 2025 567 2066 in
601 2022 810 2066 Athenaei
844 2023 975 2067 verba
1010 2025 1191 2078 irrepsit.

275 2210 362 2244 Nam
391 2210 593 2244 similitudo
630 2210 727 2244 haud
763 2211 811 2244 ita
850 2219 981 2253 magna
1021 2214 1077 2243 est
1115 2209 1244 2244 horum
1281 2219 1453 2243 versuum
1494 2219 1575 2244 cum
1603 2209 1771 2245 Pratinae
1810 2220 1890 2245 car-

276 2268 436 2302 minibus
479 2269 587 2302 nobis
630 2269 800 2310 servatis,
839 2272 878 2302 ut
918 2269 979 2302 vix
1019 2268 1127 2302 liceat
1166 2268 1236 2302 hoc
1279 2277 1425 2318 carmen
1462 2267 1628 2303 Pratinae
1667 2268 1890 2304 adscribere.

273 2326 405 2361 Athen.
444 2326 718 2361 celeberrimum
759 2326 854 2360 hunc
894 2326 1014 2361 locum
1054 2327 1212 2369 sumpsit
1251 2336 1294 2360 ex
1333 2325 1426 2360 libro
1463 2325 1558 2361 Semi
1586 2326 1674 2362 Delii
1700 2330 1783 2372 περὶ
1806 2339 1891 2362 παι-

273 2383 370 2417 άνων
403 2385 480 2428 (lib.
511 2385 596 2427 XlV,
633 2395 665 2429 p.
701 2385 770 2420 622
797 2385 846 2426 Β).
899 2384 1016 2428 Atque
1055 2395 1098 2418 ex
1138 2385 1193 2426 iis,
1232 2394 1324 2429 quae
1363 2384 1488 2419 addita
1528 2389 1626 2428 sunt,
1663 2385 1782 2421 elucet
1818 2386 1889 2421 hoc

272 2443 603 2487 phallophororum
630 2454 776 2478 carmen
804 2453 870 2478 nec
897 2453 971 2477 non
1004 2442 1331 2487 ithyphallicorum
1352 2443 1422 2477 hoc
1438 2442 1568 2478 Athen.
1596 2444 1679 2479 loco
1699 2449 1887 2480 servatum

273 2501 371 2544 (XIV,
399 2512 433 2545 p.
460 2503 529 2536 622
556 2502 685 2544 C—D.)
714 2503 811 2539 inter>
834 2503 1038 2538 cantilenas
1066 2502 1263 2546 populares
1291 2512 1372 2536 esse
1403 2502 1624 2537 habendum.
1652 2503 1758 2541 Recte
1777 2504 1890 2547 igitur

273 2560 399 2603 Bergk,
431 2560 712 2596 Hiller-Crusius
740 2571 870 2595 versus
897 2561 1031 2596 allatos
1071 2561 1295 2595 carminibus
1327 2561 1569 2604 popularibus
1596 2561 1888 2606 adscripserunt.

394 2631 418 2672 ¹)
445 2630 534 2665 Otto
562 2631 689 2673 Keller,
729 2631 1022 2666 Pseudoacronis
1050 2631 1191 2666 scholia
1224 2632 1260 2666 in
1291 2631 1482 2666 Horatium
1524 2633 1741 2667 vetustiora.
1792 2631 1887 2676 Lips.

276 2687 375 2723 1904.
428 2689 500 2724 vol.
528 2689 566 2731 ll,
598 2699 631 2733 p.
658 2690 728 2724 344
754 2700 834 2734 sqq.

556 2762 582 2803 2)
610 2760 668 2795 Sic
695 2762 837 2804 priscae
866 2764 1079 2805 motumque
1105 2764 1141 2795 et
1168 2760 1346 2795 luxuriem
1373 2760 1488 2795 additi
1516 2762 1585 2795 arti

607 2819 755 2853 Tibicen
781 2820 967 2863 traxitque
996 2829 1113 2863 vagus
1141 2828 1204 2862 per
1230 2819 1371 2863 pulpita
1400 2822 1562 2862 vestem;

612 2877 670 2912 Sic
696 2878 805 2912 etiam
833 2877 1006 2912 fidelibus
1034 2887 1146 2912 voces
1173 2887 1319 2912 crevere
1347 2878 1498 2919 severis,

609 2936 651 2970 lit
678 2936 760 2970 tulit
788 2936 972 2980 eloquium
1001 2936 1190 2970 insolitum
1213 2935 1386 2970 facundia
1413 2945 1601 2979 praeceps.
