1994 3236
0 0 24 222 snm—uam

796 221 967 263 „53
1040 245 1078 247 Q

112 339 390 392 discipulum
426 339 543 381 illius
577 337 751 394 Olympi
786 351 900 391 esse,
933 340 1005 394 qui
1041 338 1244 393 Marsyae
1276 336 1399 379 filius
1431 336 1612 388 fuisset3
1645 335 1757 377 alios

114 409 266 453 dicere
299 421 387 453 non
421 408 659 464 Olympum
694 411 918 461 maiorem,
953 409 1029 452 sed
1066 407 1293 460 Cratetem,
1334 409 1406 463 qui
1443 408 1545 449 item
1580 405 1755 461 Olympi

120 481 303 524 maioris
336 480 585 534 discipulus
618 479 792 532 fuisset,
825 480 943 523 hunc
976 492 1157 523 nomum
1194 478 1530 534 polycephalum
1568 478 1755 530 primum

109 550 326 604 finxisse3
374 550 591 595 Pratinam
625 563 725 594 eum
762 550 954 606 Olympo
987 552 1144 594 minori
1177 549 1403 593 tribuisse.
1469 547 1631 592 Suidas
1664 551 1754 590 tres

114 626 277 676 ‘poetas
311 622 377 666 vel
413 624 610 666 musicos
645 622 782 673 affert,
826 622 989 677 quibus
1028 620 1189 664 fuisset
1230 633 1390 664 nomen
1425 619 1619 675 Olympi;
1668 618 1756 660 Ps-

121 692 379 737 Plutarchus
412 693 528 737 duos
559 696 730 736 tantum
767 698 1007 736 enumerat.
1050 691 1265 737 Ritsciw)
1300 703 1436 734 unum
1470 693 1641 732 tantum
1678 701 1756 731 no-

120 766 255 807 minis
303 763 478 820 Olympi
529 767 702 818 poetam
752 763 894 806 fuisse
942 762 1156 813 ostendit;
1209 761 1387 805 duobus
1438 761 1522 804 illis
1571 762 1755 803 musicis

112 836 317 878 nominis
350 833 525 890 Olympi
575 834 687 878 duas
735 837 907 877 tantum
954 836 1120 877 aetates
1166 834 1223 876 rei
1260 834 1455 875 musicae
1489 831 1752 875 Graecorum

110 904 376 961 significari.

237 995 277 1039 2.
309 994 377 1038 Ps.
410 993 517 1038 Plut.
550 1005 642 1049 cap.
676 994 738 1038 lX.
802 994 893 1038 Hoc
927 994 1023 1037 loco
1058 997 1212 1047 poetae
1246 994 1542 1041 nominantur,
1585 992 1658 1046 qui
1694 1002 1752 1033 cc.

109 1069 296 1110 centum
329 1067 652 1123 quinquaginta
684 1067 815 1109 annis
857 1068 958 1108 ante
993 1064 1209 1107 Pratinam
1243 1063 1488 1107 floruerunt
1518 1061 1755 1117 (Thaletas‚

59 1124 61 1130 ¹
114 1136 416 1188 Xenodamus‚
447 1136 736 1191 Xenocritus).
800 1135 1065 1189 Heraclides,
1098 1137 1225 1179 cuius
1258 1147 1309 1178 ex
1343 1134 1466 1178 libris
1501 1133 1568 1177 Ps.
1589 1133 1755 1176 Plutar-

110 1207 230 1252 chus
273 1207 390 1252 hunc
430 1208 574 1252 locum
609 1209 815 1262 sumpsit,
863 1207 1061 1250 Pratinae
1090 1208 1283 1250 carmina
1318 1205 1520 1249 habebat.
1583 1205 1626 1248 ln
1660 1216 1753 1247 car—

117 1281 238 1322 mine
269 1279 463 1336 quodam
499 1281 667 1323 invenit
699 1280 910 1333 scriptum
934 1277 1239 1322 Xenodamum
1275 1290 1363 1321 non
1398 1288 1591 1331 paeanas
1616 1277 1753 1330 scrip-

110 1351 249 1404 sisse,
282 1349 360 1394 sed
395 1349 752 1406 hyporchemata.
800 1349 940 1400 Quam
961 1349 1159 1392 Pratinae
1183 1349 1448 1392 sententiam
1472 1349 1575 1404 quia
1598 1349 1753 1402 singu-

110 1421 223 1465 laris
262 1424 365 1474 erat,
413 1423 456 1464 in
490 1420 601 1465 libro
634 1412 827 1477 quodam
862 1421 916 1464 de
949 1422 1119 1464 musica
1152 1419 1297 1463 attulit
1329 1418 1594 1462 Heraclides.

235 1511 276 1554 3.
324 1510 392 1554 Ps.
434 1509 542 1554 Plut.
588 1521 681 1565 cap.
712 1510 846 1554 XXXI.
912 1510 1187 1564 Aptissimus
1241 1514 1309 1553 est
1363 1509 1432 1552 hic
1475 1508 1612 1556 locus,
1663 1521 1752 1563 quo

108 1581 478 1626 demonstremus
501 1581 749 1626 Aristoxeni
778 1582 1055 1636 temporibus
1080 1581 1277 1624 Pratinae
1300 1582 1604 1624 auctoritatem
1630 1592 1753 1634 mag—

113 1665 220 1697 nam
252 1650 408 1698 fuisse.
470 1652 579 1697 Nam
613 1657 764 1697 auctor
797 1653 850 1697 de
884 1654 1054 1696 musica
1087 1652 1398 1696 Aristoxenum
1439 1654 1619 1695 secutus
1654 1650 1752 1693 Pra-

108 1725 236 1769 tinae
267 1737 367 1769 cum
400 1723 587 1778 Pindari,
635 1724 834 1781 Dionysii
868 1724 1078 1777 Thebani,
1127 1724 1294 1778 Lampri
1340 1722 1598 1767 nominibus
1633 1735 1752 1765 com-

111 1797 256 1850 ponit.
319 1793 515 1847 Quorum
549 1795 783 1839 Pindarum
818 1796 1113 1839 clarissimum
1150 1799 1324 1849 poetam
1360 1794 1541 1851 lyricum
1565 1793 1752 1837 Graeco-

110 1879 212 1911 rum
258 1879 360 1912 esse
407 1870 592 1911 constat.
666 1867 727 1910 De
780 1866 994 1922 Dionysio
1041 1870 1187 1910 autem
1237 1870 1279 1909 et
1319 1865 1502 1920 Lampro
1536 1864 1586 1908 cf.
1640 1877 1752 1920 quae

108 1936 220 1982 dicit
254 1934 379 1982 Corn.
413 1937 518 1993 Nep.
553 1937 702 1992 Epam.
737 1949 830 1992 cap.
864 1937 909 1981 2:
961 1937 1093 1989 „Nam
1134 1942 1176 1981 et
1217 1936 1471 1980 citharizare
1504 1940 1546 1980 et
1578 1939 1752 1978 cantare

107 2008 171 2053 ad
205 2008 468 2053 chordarum
502 2021 663 2053 sonum
698 2009 856 2052 doctus
889 2012 958 2052 est
990 2008 1069 2062 (sc.
1103 2007 1452 2062 Epaminondas)
1485 2020 1509 2050 a
1539 2007 1751 2062 Dionysio

115 2076 188 2134 (de
221 2093 310 2137 quo
331 2079 387 2124 cf.
421 2079 462 2124 P.
483 2077 546 2124 W.
571 2079 616 2125 R.
650 2079 692 2123 E.
734 2079 820 2124 vol.
854 2079 904 2133 V,
938 2090 976 2134 p.
1008 2079 1125 2134 927),
1157 2081 1230 2135 qui
1267 2091 1355 2123 non
1390 2080 1558 2122 minore
1592 2077 1674 2121 fuit
1708 2079 1750 2120 in

110 2152 303 2195 musicis
343 2151 483 2207 gloria
515 2163 647 2207 quam
684 2150 852 2195 Damon
886 2154 961 2194 aut
996 2149 1220 2205 Lamprus,
1273 2162 1460 2206 quorum
1496 2149 1750 2204 pervulgata

109 2225 223 2266 sunt
254 2223 478 2267 nominaf·

113 2382 217 2418 tibus
251 2386 310 2418 est
343 2383 535 2418 traditum.
586 2382 687 2424 Quae
722 2382 924 2426 explicatio
961 2381 1054 2417 falsa
1089 2392 1171 2417 esse
1201 2381 1357 2416 videtur.
1410 2381 1543 2416 Locum
1572 2381 1749 2416 afferam:

117 2467 125 2476 .
149 2468 156 2474 .
185 2467 191 2475 .
217 2438 348 2476 τούτου
370 2440 435 2476 τοῦ
459 2440 632 2488 συριγμοῦ
655 2439 911 2475 κατακούσασα
937 2437 1108 2484 ἦἈθηνᾶ
1133 2440 1197 2475 τοῦ
1223 2445 1260 2475 ἐκ
1284 2440 1359 2475 τών
1383 2437 1503 2486 ὄφεων
1527 2437 1614 2486 πρὸς
1641 2445 1750 2486 μίμη-

110 2513 177 2535 σιν
200 2499 265 2534 τοῦ
288 2498 432 2547 θρήνου
455 2503 515 2534 mi
537 2499 602 2535 τοῦ
625 2504 816 2548 γινομένου
842 2500 1014 2548 συριγμοῦ
1039 2503 1076 2534 ἐκ
1100 2500 1175 2534 τῶν
1191 2496 1312 2546 ὄφεων
1329 2498 1504 2543 ἐπενόησε
1520 2496 1589 2543 τὴν
1607 2495 1750 2542 αὐλητι-

107 2557 191 2604 κήν,
223 2554 271 2603 ἢν
292 2562 354 2594 soal
376 2555 545 2606 ὠνόμασε
570 2559 819 2606 πολυκέφαλον
843 2558 958 2606 νόμον
990 2556 1052 2595 διὰ
1076 2560 1202 2594 τοῦτο·
1242 2563 1319 2594 ἐπεὶ
1344 2555 1414 2607 γὰρ
1441 2562 1478 2593 ἐκ
1508 2559 1583 2593 τῶν
1607 2558 1750 2594 πολλῶν

106 2616 280 2665 κεφαλῶν
302 2617 378 2653 τῶν
400 2614 521 2665 ὄφεων
538 2618 586 2655 εἷς
601 2631 655 2655 τις
673 2614 878 2654 οἷνεὸίδοιτο
897 2615 1075 2666 συριγμὸς,
1101 2615 1233 2656 πολλὰς
1256 2618 1295 2654 δὲ
1312 2615 1468 2665 κεφαλὰς
1485 2616 1631 2654 εἰκότως
1651 2618 1750 2663 εἶχον

110 2676 154 2712 οἱ
173 2673 282 2724 ὄφεις,
317 2673 380 2712 διὰ
412 2676 520 2712 τοῦτο
544 2676 793 2724 πολυκέφαλον
825 2675 939 2724 νόμον
962 2674 1031 2722 τὴν
1055 2675 1146 2712 κατὰ
1172 2682 1326 2723 μίμησιν
1351 2673 1545 2721 αὐλητικὴν
1570 2678 1748 2712 συνθεῖσα

108 2732 315 2782 ιιίόμασεν.
358 2737 481 2782 Neque
500 2737 544 2772 de
563 2736 673 2772 huius
693 2738 793 2773 nomi
816 2738 959 2782 origine
985 2737 1188 2782 quidquam
1208 2746 1417 2782 proponere
1445 2746 1660 2782 possumus.
1712 2737 1748 2772 ld

109 2795 264 2842 quidem
303 2806 348 2832 ex
387 2795 481 2831 locis
521 2795 576 2831 Ps.
604 2796 696 2832 Plut.
733 2806 814 2840 cap.
842 2796 901 2831 Vll
936 2800 974 2832 et
1006 2797 1123 2832 schol.
1152 2797 1253 2832 Pind.
1281 2795 1387 2842 Pyth.
1414 2795 1484 2839 ΧΙΙ,
1512 2797 1557 2832 15
1591 2801 1747 2840 apparet

110 2865 269 2892 nemum
305 2855 594 2900 polycephalum
627 2854 744 2891 fuisse
779 2856 979 2891 auleticum
1019 2857 1054 2890 in
1083 2855 1266 2902 Apollinis
1306 2856 1497 2891 honorem.
1548 2856 1597 2891 De
1625 2856 1746 2890 nomls

110 2915 152 2949 in
179 2915 395 2949 universum
422 2915 574 2958 scripsit
599 2914 856 2957 Wilamowitz,
883 2915 1100 2951 Timotheus
1129 2915 1255 2951 Perser
1281 2916 1383 2957 1903,
1412 2925 1446 2959 p.
1472 2914 1518 2950 82
1545 2925 1628 2959 sqq.

240 2985 268 3030 ¹)
294 2985 387 3020 Frid.
417 2985 568 3027 Ritschl,
596 2985 783 3030 Opuscula
813 2986 1039 3030 philologica
1070 2987 1143 3021 vol.
1172 2987 1192 3021 l.
1246 2987 1327 3030 Lpz.
1349 2987 1450 3028 1866,
1479 2996 1512 3030 p.
1532 2987 1601 3020 258
1621 2996 1700 3029 sqq.
