<?xml version="1.0" encoding="UTF-8"?>
<!DOCTYPE html PUBLIC "-//W3C//DTD XHTML 1.0 Transitional//EN"
    "http://www.w3.org/TR/xhtml1/DTD/xhtml1-transitional.dtd">
<html xmlns="http://www.w3.org/1999/xhtml" xml:lang="en" lang="en">
 <head>
  <title>
</title>
<meta http-equiv="Content-Type" content="text/html;charset=utf-8" />
  <meta name='ocr-system' content='tesseract 3.04.00' />
  <meta name='ocr-capabilities' content='ocr_page ocr_carea ocr_par ocr_line ocrx_word'/>
</head>
<body>
  <div class='ocr_page' id='page_1' title='image "./depratina00beckuoft_0020.png"; bbox 0 0 1994 3236; ppageno 0'>
   <div class='ocr_carea' id='block_1_1' title="bbox 971 207 1253 248">
    <p class='ocr_par' dir='ltr' id='par_1_1' title="bbox 971 207 1253 248">
     <span class='ocr_line' id='line_1_1' title="bbox 971 207 1253 248; baseline 0 -13"><span class='ocrx_word' id='word_1_1' title='bbox 971 207 1253 248; x_wconf 41' lang='grc' dir='ltr'>ἡ14-</span> 
     </span>
    </p>
   </div>
   <div class='ocr_carea' id='block_1_2' title="bbox 295 322 1924 2767">
    <p class='ocr_par' dir='ltr' id='par_1_2' title="bbox 303 322 1920 717">
     <span class='ocr_line' id='line_1_2' title="bbox 303 322 1918 368; baseline 0.003 -5"><span class='ocrx_word' id='word_1_2' title='bbox 303 323 436 364; x_wconf 80' lang='lat' dir='ltr'>etiam</span> <span class='ocrx_word' id='word_1_3' title='bbox 488 322 602 364; x_wconf 88' lang='lat' dir='ltr'>hunc</span> <span class='ocrx_word' id='word_1_4' title='bbox 652 322 792 364; x_wconf 86' lang='lat' dir='ltr'>locum</span> <span class='ocrx_word' id='word_1_5' title='bbox 842 335 942 365; x_wconf 87' lang='lat' dir='ltr'>esse</span> <span class='ocrx_word' id='word_1_6' title='bbox 990 322 1195 366; x_wconf 85' lang='lat' dir='ltr'>haustum</span> <span class='ocrx_word' id='word_1_7' title='bbox 1245 323 1528 367; x_wconf 78' lang='lat' dir='ltr'>censenthus</span> <span class='ocrx_word' id='word_1_8' title='bbox 1576 337 1627 367; x_wconf 89' lang='lat' dir='ltr'>ex</span> <span class='ocrx_word' id='word_1_9' title='bbox 1673 323 1918 368; x_wconf 78' lang='lat' dir='ltr'>Aristoxeni</span> 
     </span>
     <span class='ocr_line' id='line_1_3' title="bbox 309 391 1919 448; baseline 0.004 -16"><span class='ocrx_word' id='word_1_10' title='bbox 309 393 495 445; x_wconf 85' lang='lat' dir='ltr'>scriptis.</span> <span class='ocrx_word' id='word_1_11' title='bbox 559 391 647 443; x_wconf 86' lang='lat' dir='ltr'>„Un</span> <span class='ocrx_word' id='word_1_12' title='bbox 686 393 774 435; x_wconf 82' lang='lat' dir='ltr'>tres</span> <span class='ocrx_word' id='word_1_13' title='bbox 812 392 916 447; x_wconf 90' lang='lat' dir='ltr'>long</span> <span class='ocrx_word' id='word_1_14' title='bbox 958 405 1158 436; x_wconf 87' lang='lat' dir='ltr'>morceau</span> <span class='ocrx_word' id='word_1_15' title='bbox 1198 393 1394 448; x_wconf 80' lang='lat' dir='ltr'>defigure</span> <span class='ocrx_word' id='word_1_16' title='bbox 1426 394 1539 437; x_wconf 86' lang='lat' dir='ltr'>dans</span> <span class='ocrx_word' id='word_1_17' title='bbox 1577 394 1617 437; x_wconf 89' lang='lat' dir='ltr'>le</span> <span class='ocrx_word' id='word_1_18' title='bbox 1658 393 1718 438; x_wconf 91' lang='lat' dir='ltr'>De</span> <span class='ocrx_word' id='word_1_19' title='bbox 1748 393 1919 438; x_wconf 73' lang='lat' dir='ltr'>Musica</span> 
     </span>
     <span class='ocr_line' id='line_1_4' title="bbox 309 462 1920 518; baseline 0.003 -15"><span class='ocrx_word' id='word_1_20' title='bbox 309 474 384 515; x_wconf 85' lang='lat' dir='ltr'>par</span> <span class='ocrx_word' id='word_1_21' title='bbox 415 463 750 516; x_wconf 87' lang='lat' dir='ltr'>transcriptions</span> <span class='ocrx_word' id='word_1_22' title='bbox 783 462 1088 506; x_wconf 86' lang='lat' dir='ltr'>accidentelles</span> <span class='ocrx_word' id='word_1_23' title='bbox 1135 462 1202 517; x_wconf 74' lang='lat'>(§§</span> <span class='ocrx_word' id='word_1_24' title='bbox 1233 463 1496 518; x_wconf 84' lang='lat'>322—387)‚</span> <span class='ocrx_word' id='word_1_25' title='bbox 1537 466 1648 508; x_wconf 89' lang='lat' dir='ltr'>mais</span> <span class='ocrx_word' id='word_1_26' title='bbox 1687 465 1744 508; x_wconf 78' lang='grc' dir='ltr'>οὺ</span> <span class='ocrx_word' id='word_1_27' title='bbox 1775 467 1920 508; x_wconf 86' lang='lat' dir='ltr'>trans—</span> 
     </span>
     <span class='ocr_line' id='line_1_5' title="bbox 308 531 1920 590; baseline 0.004 -17"><span class='ocrx_word' id='word_1_28' title='bbox 308 531 445 585; x_wconf 83' lang='lat' dir='ltr'>parait</span> <span class='ocrx_word' id='word_1_29' title='bbox 478 532 739 575; x_wconf 78' lang='lat' dir='ltr'>neanmoins</span> <span class='ocrx_word' id='word_1_30' title='bbox 773 532 873 575; x_wconf 90' lang='lat' dir='ltr'>d’un</span> <span class='ocrx_word' id='word_1_31' title='bbox 907 532 1015 576; x_wconf 88' lang='lat' dir='ltr'>bout</span> <span class='ocrx_word' id='word_1_32' title='bbox 1046 534 1070 576; x_wconf 80' lang='lat' dir='ltr'>a</span> <span class='ocrx_word' id='word_1_33' title='bbox 1108 532 1268 585; x_wconf 85' lang='lat' dir='ltr'>l‘autre,</span> <span class='ocrx_word' id='word_1_34' title='bbox 1300 534 1338 577; x_wconf 91' lang='lat' dir='ltr'>le</span> <span class='ocrx_word' id='word_1_35' title='bbox 1369 534 1496 589; x_wconf 86' lang='lat' dir='ltr'>ge&#39;nie</span> <span class='ocrx_word' id='word_1_36' title='bbox 1529 535 1847 590; x_wconf 80' lang='lat' dir='ltr'>systematique</span> <span class='ocrx_word' id='word_1_37' title='bbox 1877 538 1920 579; x_wconf 89' lang='lat' dir='ltr'>et</span> 
     </span>
     <span class='ocr_line' id='line_1_6' title="bbox 308 597 1917 658; baseline 0.003 -15"><span class='ocrx_word' id='word_1_38' title='bbox 308 602 676 657; x_wconf 78' lang='lat' dir='ltr'>encyclopedique</span> <span class='ocrx_word' id='word_1_39' title='bbox 709 602 766 645; x_wconf 92' lang='lat' dir='ltr'>du</span> <span class='ocrx_word' id='word_1_40' title='bbox 798 597 1006 654; x_wconf 71' lang='grc' dir='ltr'><em>μουσικὸς</em></span> <span class='ocrx_word' id='word_1_41' title='bbox 1042 616 1119 658; x_wconf 85' lang='lat' dir='ltr'>par</span> <span class='ocrx_word' id='word_1_42' title='bbox 1150 604 1429 648; x_wconf 88' lang='lat' dir='ltr'>excellence.“</span> <span class='ocrx_word' id='word_1_43' title='bbox 1471 603 1567 654; x_wconf 93' lang='lat' dir='ltr'>Quo</span> <span class='ocrx_word' id='word_1_44' title='bbox 1599 606 1642 648; x_wconf 93' lang='lat' dir='ltr'>in</span> <span class='ocrx_word' id='word_1_45' title='bbox 1671 603 1917 649; x_wconf 80' lang='lat' dir='ltr'>Aristoxeni</span> 
     </span>
     <span class='ocr_line' id='line_1_7' title="bbox 308 671 1232 717; baseline 0.004 -4"><span class='ocrx_word' id='word_1_46' title='bbox 308 671 418 714; x_wconf 86' lang='lat' dir='ltr'>libro</span> <span class='ocrx_word' id='word_1_47' title='bbox 452 672 557 714; x_wconf 92' lang='lat' dir='ltr'>haec</span> <span class='ocrx_word' id='word_1_48' title='bbox 588 671 750 715; x_wconf 78' lang='lat' dir='ltr'>fuerint</span> <span class='ocrx_word' id='word_1_49' title='bbox 781 674 962 716; x_wconf 87' lang='lat' dir='ltr'>omnino</span> <span class='ocrx_word' id='word_1_50' title='bbox 996 676 1232 717; x_wconf 82' lang='lat' dir='ltr'>nescimus.</span> 
     </span>
    </p>

    <p class='ocr_par' dir='ltr' id='par_1_3' title="bbox 300 741 1924 1216">
     <span class='ocr_line' id='line_1_8' title="bbox 423 741 1919 800; baseline 0.003 -16"><span class='ocrx_word' id='word_1_51' title='bbox 423 742 467 793; x_wconf 93' lang='lat' dir='ltr'>d)</span> <span class='ocrx_word' id='word_1_52' title='bbox 501 741 740 785; x_wconf 81' lang='lat' dir='ltr'>Pausanias</span> <span class='ocrx_word' id='word_1_53' title='bbox 790 745 832 786; x_wconf 87' lang='lat' dir='ltr'>in</span> <span class='ocrx_word' id='word_1_54' title='bbox 880 743 990 787; x_wconf 93' lang='lat' dir='ltr'>libro</span> <span class='ocrx_word' id='word_1_55' title='bbox 1023 744 1064 797; x_wconf 86' lang='lat'>11,</span> <span class='ocrx_word' id='word_1_56' title='bbox 1108 746 1180 799; x_wconf 88' lang='lat' dir='ltr'>qui</span> <span class='ocrx_word' id='word_1_57' title='bbox 1228 748 1295 788; x_wconf 91' lang='lat' dir='ltr'>est</span> <span class='ocrx_word' id='word_1_58' title='bbox 1341 745 1395 788; x_wconf 94' lang='lat' dir='ltr'>de</span> <span class='ocrx_word' id='word_1_59' title='bbox 1427 743 1728 799; x_wconf 84' lang='lat' dir='ltr'>Corinthiacis,</span> <span class='ocrx_word' id='word_1_60' title='bbox 1773 747 1919 800; x_wconf 90' lang='lat' dir='ltr'>operis</span> 
     </span>
     <span class='ocr_line' id='line_1_9' title="bbox 300 807 1916 870; baseline 0.004 -16"><span class='ocrx_word' id='word_1_61' title='bbox 300 813 422 867; x_wconf 81' lang='lat' dir='ltr'>quod</span> <span class='ocrx_word' id='word_1_62' title='bbox 472 812 722 855; x_wconf 83' lang='lat' dir='ltr'>inscribitur</span> <span class='ocrx_word' id='word_1_63' title='bbox 771 807 1030 870; x_wconf 68' lang='grc' dir='ltr'><em>Περιήγησις</em></span> <span class='ocrx_word' id='word_1_64' title='bbox 1074 812 1148 870; x_wconf 77' lang='grc' dir='ltr'><em>τῆς</em></span> <span class='ocrx_word' id='word_1_65' title='bbox 1185 807 1397 865; x_wconf 79' lang='grc' dir='ltr'><em>Ἑλλάδος,</em></span> <span class='ocrx_word' id='word_1_66' title='bbox 1446 828 1543 858; x_wconf 89' lang='lat' dir='ltr'>cum</span> <span class='ocrx_word' id='word_1_67' title='bbox 1585 815 1639 859; x_wconf 89' lang='lat' dir='ltr'>de</span> <span class='ocrx_word' id='word_1_68' title='bbox 1676 815 1794 868; x_wconf 88' lang='lat' dir='ltr'>urbe,</span> <span class='ocrx_word' id='word_1_69' title='bbox 1849 818 1916 860; x_wconf 87' lang='lat' dir='ltr'>eui</span> 
     </span>
     <span class='ocr_line' id='line_1_10' title="bbox 301 880 1919 938; baseline 0.001 -14"><span class='ocrx_word' id='word_1_70' title='bbox 301 886 372 924; x_wconf 89' lang='lat' dir='ltr'>est</span> <span class='ocrx_word' id='word_1_71' title='bbox 406 895 565 925; x_wconf 91' lang='lat' dir='ltr'>nomen</span> <span class='ocrx_word' id='word_1_72' title='bbox 599 883 759 934; x_wconf 85' lang='lat' dir='ltr'>Phlius,</span> <span class='ocrx_word' id='word_1_73' title='bbox 801 888 954 937; x_wconf 88' lang='lat' dir='ltr'>narret,</span> <span class='ocrx_word' id='word_1_74' title='bbox 986 884 1201 928; x_wconf 90' lang='lat' dir='ltr'>Pratinam</span> <span class='ocrx_word' id='word_1_75' title='bbox 1245 887 1455 929; x_wconf 91' lang='lat' dir='ltr'>nominat.</span> <span class='ocrx_word' id='word_1_76' title='bbox 1490 886 1518 928; x_wconf 97' lang='lat' dir='ltr'>ll</span> <span class='ocrx_word' id='word_1_77' title='bbox 1561 886 1627 938; x_wconf 88' lang='lat'>13,</span> <span class='ocrx_word' id='word_1_78' title='bbox 1657 885 1687 928; x_wconf 87' lang='lat'><strong>6</strong></span> <span class='ocrx_word' id='word_1_79' title='bbox 1728 880 1919 927; x_wconf 72' lang='grc' dir='ltr'><em>ἐνταῦθα</em></span> 
     </span>
     <span class='ocr_line' id='line_1_11' title="bbox 300 944 1924 1011; baseline 0.001 -16"><span class='ocrx_word' id='word_1_80' title='bbox 300 952 384 1005; x_wconf 79' lang='lat' dir='ltr'>(Sc.</span> <span class='ocrx_word' id='word_1_81' title='bbox 419 949 495 992; x_wconf 68' lang='grc' dir='ltr'>ἐπὶ</span> <span class='ocrx_word' id='word_1_82' title='bbox 527 950 601 1008; x_wconf 71' lang='grc' dir='ltr'><em>τῆς</em></span> <span class='ocrx_word' id='word_1_83' title='bbox 631 944 791 1007; x_wconf 72' lang='grc' dir='ltr'><em>ἀγορᾶς</em></span> <span class='ocrx_word' id='word_1_84' title='bbox 821 966 954 1009; x_wconf 84' lang='lat' dir='ltr'>prope</span> <span class='ocrx_word' id='word_1_85' title='bbox 976 966 1155 998; x_wconf 79' lang='lat' dir='ltr'>aeneam</span> <span class='ocrx_word' id='word_1_86' title='bbox 1181 956 1372 1010; x_wconf 80' lang='lat' dir='ltr'>capram)</span> <span class='ocrx_word' id='word_1_87' title='bbox 1402 952 1521 996; x_wconf 66' lang='grc' dir='ltr'><em>’ἐστιν</em></span> <span class='ocrx_word' id='word_1_88' title='bbox 1551 954 1624 996; x_wconf 82' lang='grc' dir='ltr'><em>καὶ</em></span> <span class='ocrx_word' id='word_1_89' title='bbox 1648 946 1924 1011; x_wconf 63' lang='grc' dir='ltr'><em>Ἀριστίου</em></span> 
     </span>
     <span class='ocr_line' id='line_1_12' title="bbox 301 1017 1916 1081; baseline 0.004 -20"><span class='ocrx_word' id='word_1_90' title='bbox 301 1020 446 1078; x_wconf 72' lang='grc' dir='ltr'><em>μνῆμα</em></span> <span class='ocrx_word' id='word_1_91' title='bbox 476 1021 568 1063; x_wconf 73' lang='grc' dir='ltr'>τοῦ</span> <span class='ocrx_word' id='word_1_92' title='bbox 601 1021 887 1077; x_wconf 61' lang='grc' dir='ltr'><em>Πρατίνου.</em></span> <span class='ocrx_word' id='word_1_93' title='bbox 950 1018 1123 1080; x_wconf 72' lang='grc' dir='ltr'><em>τούτῳ</em></span> <span class='ocrx_word' id='word_1_94' title='bbox 1168 1023 1238 1080; x_wconf 74' lang='grc' dir='ltr'>τῷ</span> <span class='ocrx_word' id='word_1_95' title='bbox 1268 1017 1515 1081; x_wconf 66' lang='grc' dir='ltr'><em>Ἀριστίᾳ</em></span> <span class='ocrx_word' id='word_1_96' title='bbox 1561 1019 1783 1080; x_wconf 81' lang='grc' dir='ltr'><strong><em>σάτυροι</em></strong></span> <span class='ocrx_word' id='word_1_97' title='bbox 1826 1025 1916 1067; x_wconf 79' lang='grc' dir='ltr'><em>καὶ</em></span> 
     </span>
     <span class='ocr_line' id='line_1_13' title="bbox 307 1089 1917 1152; baseline 0.002 -21"><span class='ocrx_word' id='word_1_98' title='bbox 307 1089 553 1148; x_wconf 76' lang='grc' dir='ltr'><em>Πρατίνᾳ</em></span> <span class='ocrx_word' id='word_1_99' title='bbox 583 1091 652 1148; x_wconf 70' lang='grc' dir='ltr'>τῷ</span> <span class='ocrx_word' id='word_1_100' title='bbox 684 1090 851 1147; x_wconf 79' lang='grc' dir='ltr'><em>πατρί</em></span> <span class='ocrx_word' id='word_1_101' title='bbox 881 1090 991 1135; x_wconf 82' lang='grc' dir='ltr'><em>εἱσι</em></span> <span class='ocrx_word' id='word_1_102' title='bbox 1025 1093 1390 1151; x_wconf 79' lang='grc' dir='ltr'><em>πεποιημένοι</em></span> <span class='ocrx_word' id='word_1_103' title='bbox 1422 1089 1554 1152; x_wconf 67' lang='grc' dir='ltr'><em>πλὴν</em></span> <span class='ocrx_word' id='word_1_104' title='bbox 1583 1093 1685 1136; x_wconf 81' lang='grc' dir='ltr'><em>τῶν</em></span> <span class='ocrx_word' id='word_1_105' title='bbox 1707 1089 1917 1148; x_wconf 64' lang='grc' dir='ltr'><em>Αἰσχύ-</em></span> 
     </span>
     <span class='ocr_line' id='line_1_14' title="bbox 303 1157 818 1216; baseline 0.004 -14"><span class='ocrx_word' id='word_1_106' title='bbox 303 1162 393 1202; x_wconf 66' lang='grc' dir='ltr'><em>λου</em></span> <span class='ocrx_word' id='word_1_107' title='bbox 425 1157 818 1216; x_wconf 71' lang='grc' dir='ltr'><em>δοκιμώτατοι.</em></span> 
     </span>
    </p>

    <p class='ocr_par' dir='ltr' id='par_1_4' title="bbox 301 1233 1917 1639">
     <span class='ocr_line' id='line_1_15' title="bbox 424 1233 1915 1293; baseline 0.004 -17"><span class='ocrx_word' id='word_1_108' title='bbox 424 1233 545 1277; x_wconf 88' lang='lat' dir='ltr'>Unde</span> <span class='ocrx_word' id='word_1_109' title='bbox 594 1234 834 1278; x_wconf 85' lang='lat' dir='ltr'>Pausanias</span> <span class='ocrx_word' id='word_1_110' title='bbox 882 1236 988 1279; x_wconf 89' lang='lat' dir='ltr'>haec</span> <span class='ocrx_word' id='word_1_111' title='bbox 1029 1238 1278 1291; x_wconf 88' lang='lat' dir='ltr'>sumpserit,</span> <span class='ocrx_word' id='word_1_112' title='bbox 1326 1240 1441 1281; x_wconf 87' lang='lat' dir='ltr'>certo</span> <span class='ocrx_word' id='word_1_113' title='bbox 1489 1237 1571 1281; x_wconf 89' lang='lat' dir='ltr'>dici</span> <span class='ocrx_word' id='word_1_114' title='bbox 1622 1250 1709 1282; x_wconf 91' lang='lat' dir='ltr'>non</span> <span class='ocrx_word' id='word_1_115' title='bbox 1757 1241 1915 1293; x_wconf 84' lang='lat' dir='ltr'>potest.</span> 
     </span>
     <span class='ocr_line' id='line_1_16' title="bbox 304 1303 1917 1362; baseline 0.004 -16"><span class='ocrx_word' id='word_1_116' title='bbox 304 1303 472 1357; x_wconf 83' lang='lat' dir='ltr'>Nescio,</span> <span class='ocrx_word' id='word_1_117' title='bbox 517 1317 573 1349; x_wconf 86' lang='lat' dir='ltr'>an</span> <span class='ocrx_word' id='word_1_118' title='bbox 607 1305 848 1349; x_wconf 91' lang='lat' dir='ltr'>Pausanias</span> <span class='ocrx_word' id='word_1_119' title='bbox 895 1319 991 1349; x_wconf 90' lang='lat' dir='ltr'>cum</span> <span class='ocrx_word' id='word_1_120' title='bbox 1043 1308 1136 1362; x_wconf 91' lang='lat' dir='ltr'>ipse</span> <span class='ocrx_word' id='word_1_121' title='bbox 1169 1307 1368 1351; x_wconf 84' lang='lat' dir='ltr'>Phliunte</span> <span class='ocrx_word' id='word_1_122' title='bbox 1414 1311 1533 1351; x_wconf 88' lang='lat' dir='ltr'>esset</span> <span class='ocrx_word' id='word_1_123' title='bbox 1580 1307 1686 1351; x_wconf 79' lang='lat' dir='ltr'>illud</span> <span class='ocrx_word' id='word_1_124' title='bbox 1731 1307 1917 1353; x_wconf 85' lang='lat' dir='ltr'>Aristiae</span> 
     </span>
     <span class='ocr_line' id='line_1_17' title="bbox 303 1369 1914 1434; baseline 0.002 -18"><span class='ocrx_word' id='word_1_125' title='bbox 303 1379 638 1418; x_wconf 86' lang='lat' dir='ltr'>monumentum</span> <span class='ocrx_word' id='word_1_126' title='bbox 662 1376 877 1429; x_wconf 84' lang='lat' dir='ltr'>viderit.1)</span> <span class='ocrx_word' id='word_1_127' title='bbox 929 1377 1077 1420; x_wconf 87' lang='lat' dir='ltr'>Utrum</span> <span class='ocrx_word' id='word_1_128' title='bbox 1102 1376 1233 1420; x_wconf 90' lang='lat' dir='ltr'>verba</span> <span class='ocrx_word' id='word_1_129' title='bbox 1264 1371 1400 1432; x_wconf 73' lang='grc' dir='ltr'><em>τούτῳ</em></span> <span class='ocrx_word' id='word_1_130' title='bbox 1430 1375 1491 1433; x_wconf 74' lang='grc' dir='ltr'>τῷ</span> <span class='ocrx_word' id='word_1_131' title='bbox 1513 1369 1712 1434; x_wconf 74' lang='grc' dir='ltr'>,Ἀριστίᾳ</span> <span class='ocrx_word' id='word_1_132' title='bbox 1742 1371 1914 1431; x_wconf 75' lang='grc' dir='ltr'><strong><em>σάτυροι</em></strong></span> 
     </span>
     <span class='ocr_line' id='line_1_18' title="bbox 303 1442 1917 1503; baseline 0.004 -16"><span class='ocrx_word' id='word_1_133' title='bbox 303 1442 380 1484; x_wconf 60' lang='lat' dir='ltr'>nr?</span> <span class='ocrx_word' id='word_1_134' title='bbox 418 1458 469 1488; x_wconf 89' lang='lat' dir='ltr'>ex</span> <span class='ocrx_word' id='word_1_135' title='bbox 510 1447 722 1501; x_wconf 88' lang='lat' dir='ltr'>periegesi</span> <span class='ocrx_word' id='word_1_136' title='bbox 765 1446 910 1502; x_wconf 89' lang='lat' dir='ltr'>aliqua</span> <span class='ocrx_word' id='word_1_137' title='bbox 943 1446 1185 1491; x_wconf 88' lang='lat' dir='ltr'>Pausanias</span> <span class='ocrx_word' id='word_1_138' title='bbox 1227 1449 1465 1503; x_wconf 85' lang='lat' dir='ltr'>sumpserit</span> <span class='ocrx_word' id='word_1_139' title='bbox 1502 1461 1556 1492; x_wconf 89' lang='lat' dir='ltr'>an</span> <span class='ocrx_word' id='word_1_140' title='bbox 1599 1447 1680 1492; x_wconf 86' lang='lat' dir='ltr'>has</span> <span class='ocrx_word' id='word_1_141' title='bbox 1723 1460 1795 1492; x_wconf 88' lang='lat' dir='ltr'>res</span> <span class='ocrx_word' id='word_1_142' title='bbox 1825 1461 1917 1493; x_wconf 86' lang='lat' dir='ltr'>rne-</span> 
     </span>
     <span class='ocr_line' id='line_1_19' title="bbox 303 1516 1917 1574; baseline 0.004 -17"><span class='ocrx_word' id='word_1_143' title='bbox 303 1517 439 1558; x_wconf 86' lang='lat' dir='ltr'>moria</span> <span class='ocrx_word' id='word_1_144' title='bbox 469 1518 667 1569; x_wconf 88' lang='lat' dir='ltr'>tenuerit,</span> <span class='ocrx_word' id='word_1_145' title='bbox 699 1516 936 1559; x_wconf 88' lang='lat' dir='ltr'>diiudicare</span> <span class='ocrx_word' id='word_1_146' title='bbox 968 1530 1056 1560; x_wconf 93' lang='lat' dir='ltr'>non</span> <span class='ocrx_word' id='word_1_147' title='bbox 1090 1530 1345 1572; x_wconf 85' lang='lat' dir='ltr'>possumus.</span> <span class='ocrx_word' id='word_1_148' title='bbox 1401 1518 1508 1561; x_wconf 78' lang='lat' dir='ltr'>Eum</span> <span class='ocrx_word' id='word_1_149' title='bbox 1541 1518 1652 1562; x_wconf 89' lang='lat' dir='ltr'>libro</span> <span class='ocrx_word' id='word_1_150' title='bbox 1683 1518 1740 1563; x_wconf 88' lang='lat' dir='ltr'>de</span> <span class='ocrx_word' id='word_1_151' title='bbox 1769 1518 1917 1574; x_wconf 87' lang='lat' dir='ltr'>lyricis</span> 
     </span>
     <span class='ocr_line' id='line_1_20' title="bbox 301 1586 1259 1639; baseline 0.003 -12"><span class='ocrx_word' id='word_1_152' title='bbox 301 1586 465 1639; x_wconf 88' lang='lat' dir='ltr'>scripto</span> <span class='ocrx_word' id='word_1_153' title='bbox 497 1598 626 1628; x_wconf 87' lang='lat' dir='ltr'>usum</span> <span class='ocrx_word' id='word_1_154' title='bbox 660 1598 760 1629; x_wconf 92' lang='lat' dir='ltr'>esse</span> <span class='ocrx_word' id='word_1_155' title='bbox 792 1587 1027 1630; x_wconf 90' lang='lat' dir='ltr'>verisimile</span> <span class='ocrx_word' id='word_1_156' title='bbox 1060 1599 1148 1630; x_wconf 92' lang='lat' dir='ltr'>non</span> <span class='ocrx_word' id='word_1_157' title='bbox 1181 1591 1259 1631; x_wconf 88' lang='lat' dir='ltr'>est.</span> 
     </span>
    </p>

    <p class='ocr_par' dir='ltr' id='par_1_5' title="bbox 295 1654 1916 2135">
     <span class='ocr_line' id='line_1_21' title="bbox 419 1654 1916 1714; baseline 0.001 -16"><span class='ocrx_word' id='word_1_158' title='bbox 419 1655 459 1709; x_wconf 89' lang='lat' dir='ltr'>e)</span> <span class='ocrx_word' id='word_1_159' title='bbox 492 1654 652 1699; x_wconf 89' lang='lat' dir='ltr'>Suidas</span> <span class='ocrx_word' id='word_1_160' title='bbox 670 1657 702 1708; x_wconf 76' lang='grc'>2)</span> <span class='ocrx_word' id='word_1_161' title='bbox 723 1656 778 1700; x_wconf 92' lang='lat' dir='ltr'>de</span> <span class='ocrx_word' id='word_1_162' title='bbox 801 1656 970 1700; x_wconf 90' lang='lat' dir='ltr'>Pratina</span> <span class='ocrx_word' id='word_1_163' title='bbox 1003 1656 1109 1700; x_wconf 90' lang='lat' dir='ltr'>haec</span> <span class='ocrx_word' id='word_1_164' title='bbox 1132 1657 1282 1701; x_wconf 88' lang='lat' dir='ltr'>habet:</span> <span class='ocrx_word' id='word_1_165' title='bbox 1317 1655 1605 1711; x_wconf 76' lang='grc' dir='ltr'><strong><em>Πρατίνας,</em></strong></span> <span class='ocrx_word' id='word_1_166' title='bbox 1641 1656 1916 1714; x_wconf 67' lang='grc' dir='ltr'><em>Πυρρωνίόου</em></span> 
     </span>
     <span class='ocr_line' id='line_1_22' title="bbox 302 1715 1914 1786; baseline 0.004 -22"><span class='ocrx_word' id='word_1_167' title='bbox 302 1715 325 1779; x_wconf 56' lang='grc' dir='ltr'>ἢ</span> <span class='ocrx_word' id='word_1_168' title='bbox 374 1717 618 1779; x_wconf 78' lang='grc' dir='ltr'><em>Ἐγκωμίοι·,</em></span> <span class='ocrx_word' id='word_1_169' title='bbox 669 1720 891 1776; x_wconf 76' lang='grc' dir='ltr'><em>Φλιάσιος,</em></span> <span class='ocrx_word' id='word_1_170' title='bbox 939 1721 1122 1783; x_wconf 75' lang='grc' dir='ltr'><em>ποιητὴς</em></span> <span class='ocrx_word' id='word_1_171' title='bbox 1176 1725 1428 1783; x_wconf 77' lang='grc' dir='ltr'><em>τραγῳδίας.</em></span> <span class='ocrx_word' id='word_1_172' title='bbox 1508 1719 1812 1786; x_wconf 77' lang='grc' dir='ltr'><em>ἆντηγωνίζετο</em></span> <span class='ocrx_word' id='word_1_173' title='bbox 1866 1727 1914 1771; x_wconf 79' lang='grc' dir='ltr'>δὲ</span> 
     </span>
     <span class='ocr_line' id='line_1_23' title="bbox 303 1789 1916 1855; baseline 0.005 -21"><span class='ocrx_word' id='word_1_174' title='bbox 303 1789 511 1850; x_wconf 72' lang='grc' dir='ltr'><em>Αἱσχίλῳ</em></span> <span class='ocrx_word' id='word_1_175' title='bbox 556 1810 602 1836; x_wconf 83' lang='grc' dir='ltr'>τε</span> <span class='ocrx_word' id='word_1_176' title='bbox 647 1794 721 1837; x_wconf 79' lang='grc' dir='ltr'><em>καὶ</em></span> <span class='ocrx_word' id='word_1_177' title='bbox 760 1793 967 1852; x_wconf 76' lang='grc' dir='ltr'><em>Χοιρίλῳ,</em></span> <span class='ocrx_word' id='word_1_178' title='bbox 1017 1794 1093 1838; x_wconf 77' lang='grc' dir='ltr'>ἐπὶ</span> <span class='ocrx_word' id='word_1_179' title='bbox 1139 1795 1214 1854; x_wconf 79' lang='grc' dir='ltr'><em>τῆς</em></span> <span class='ocrx_word' id='word_1_180' title='bbox 1266 1794 1584 1855; x_wconf 68' lang='grc' dir='ltr'>ἑβδομηκοστῆς</span> <span class='ocrx_word' id='word_1_181' title='bbox 1626 1790 1916 1852; x_wconf 74' lang='grc' dir='ltr'><em>Ὀλυμπιάδος</em></span> 
     </span>
     <span class='ocr_line' id='line_1_24' title="bbox 300 1862 1915 1923; baseline 0.002 -15"><span class='ocrx_word' id='word_1_182' title='bbox 300 1864 568 1920; x_wconf 82' lang='lat'>(500—497)</span> <span class='ocrx_word' id='word_1_183' title='bbox 601 1864 691 1907; x_wconf 81' lang='grc' dir='ltr'><em>καὶ</em></span> <span class='ocrx_word' id='word_1_184' title='bbox 734 1864 941 1919; x_wconf 77' lang='grc' dir='ltr'><em>πρῶτος</em></span> <span class='ocrx_word' id='word_1_185' title='bbox 981 1863 1183 1922; x_wconf 75' lang='grc' dir='ltr'><em>ἔγραψε</em></span> <span class='ocrx_word' id='word_1_186' title='bbox 1217 1862 1498 1923; x_wconf 72' lang='grc' dir='ltr'><em>Σατύρους.</em></span> <span class='ocrx_word' id='word_1_187' title='bbox 1563 1866 1915 1923; x_wconf 76' lang='grc' dir='ltr'><em>ἐπιδεικνυμένου</em></span> 
     </span>
     <span class='ocr_line' id='line_1_25' title="bbox 301 1925 1910 1994; baseline 0.004 -20"><span class='ocrx_word' id='word_1_188' title='bbox 301 1933 348 1974; x_wconf 63' lang='grc' dir='ltr'>δὲ</span> <span class='ocrx_word' id='word_1_189' title='bbox 370 1929 520 1976; x_wconf 67' lang='grc' dir='ltr'><em>τούτου</em></span> <span class='ocrx_word' id='word_1_190' title='bbox 542 1934 692 1993; x_wconf 67' lang='grc' dir='ltr'><em>σιψὲβη</em></span> <span class='ocrx_word' id='word_1_191' title='bbox 713 1930 766 1978; x_wconf 82' lang='grc' dir='ltr'>τὰ</span> <span class='ocrx_word' id='word_1_192' title='bbox 787 1932 918 1992; x_wconf 71' lang='grc' dir='ltr'><em>ἴκρια,</em></span> <span class='ocrx_word' id='word_1_193' title='bbox 953 1935 1010 1994; x_wconf 79' lang='grc' dir='ltr'>ἐφ</span> <span class='ocrx_word' id='word_1_194' title='bbox 1031 1925 1089 1978; x_wconf 76' lang='grc' dir='ltr'><em>ὧν</em></span> <span class='ocrx_word' id='word_1_195' title='bbox 1114 1932 1345 1994; x_wconf 73' lang='grc' dir='ltr'><em>ἑστήκεσαν</em></span> <span class='ocrx_word' id='word_1_196' title='bbox 1375 1934 1415 1979; x_wconf 67' lang='grc' dir='ltr'>οἳ</span> <span class='ocrx_word' id='word_1_197' title='bbox 1437 1935 1610 1990; x_wconf 72' lang='grc' dir='ltr'><em>θεαταί,</em></span> <span class='ocrx_word' id='word_1_198' title='bbox 1642 1941 1803 1981; x_wconf 82' lang='grc' dir='ltr'><em>πεσεῖν.</em></span> <span class='ocrx_word' id='word_1_199' title='bbox 1838 1939 1910 1981; x_wconf 77' lang='grc' dir='ltr'><em>καὶ</em></span> 
     </span>
     <span class='ocr_line' id='line_1_26' title="bbox 301 1999 1911 2065; baseline 0.004 -21"><span class='ocrx_word' id='word_1_200' title='bbox 301 2002 347 2044; x_wconf 71' lang='grc' dir='ltr'>ἐκ</span> <span class='ocrx_word' id='word_1_201' title='bbox 378 1999 528 2046; x_wconf 68' lang='grc' dir='ltr'><em>τούτου</em></span> <span class='ocrx_word' id='word_1_202' title='bbox 551 2004 736 2060; x_wconf 66' lang='grc' dir='ltr'><em>θέατρον</em></span> <span class='ocrx_word' id='word_1_203' title='bbox 766 1999 1031 2064; x_wconf 70' lang='grc' dir='ltr'><em>ᾠκοδομήθη</em></span> <span class='ocrx_word' id='word_1_204' title='bbox 1053 2000 1320 2065; x_wconf 69' lang='grc' dir='ltr'><em>Ἀθηναίοις.</em></span> <span class='ocrx_word' id='word_1_205' title='bbox 1367 2007 1441 2050; x_wconf 79' lang='grc' dir='ltr'><em>καὶ</em></span> <span class='ocrx_word' id='word_1_206' title='bbox 1473 2003 1671 2064; x_wconf 78' lang='grc' dir='ltr'><em>δράματα</em></span> <span class='ocrx_word' id='word_1_207' title='bbox 1698 2007 1778 2063; x_wconf 75' lang='grc' dir='ltr'><em>μὲν</em></span> <span class='ocrx_word' id='word_1_208' title='bbox 1808 2007 1911 2052; x_wconf 74' lang='grc' dir='ltr'>ἐπε-</span> 
     </span>
     <span class='ocr_line' id='line_1_27' title="bbox 295 2064 1442 2135; baseline 0.004 -20"><span class='ocrx_word' id='word_1_209' title='bbox 295 2072 469 2126; x_wconf 70' lang='grc' dir='ltr'><em>δείξατο</em></span> <span class='ocrx_word' id='word_1_210' title='bbox 500 2070 547 2126; x_wconf 87' lang='grc' dir='ltr'>ν’,</span> <span class='ocrx_word' id='word_1_211' title='bbox 582 2064 640 2117; x_wconf 73' lang='grc' dir='ltr'><em>ὧν</em></span> <span class='ocrx_word' id='word_1_212' title='bbox 674 2071 887 2132; x_wconf 80' lang='grc' dir='ltr'><em>Σατυρικὰ</em></span> <span class='ocrx_word' id='word_1_213' title='bbox 917 2072 997 2131; x_wconf 83' lang='grc' dir='ltr'>λβ’.</span> <span class='ocrx_word' id='word_1_214' title='bbox 1033 2074 1199 2135; x_wconf 76' lang='grc' dir='ltr'><em>ἐνίκησε</em></span> <span class='ocrx_word' id='word_1_215' title='bbox 1229 2077 1277 2120; x_wconf 73' lang='grc' dir='ltr'>δὲ</span> <span class='ocrx_word' id='word_1_216' title='bbox 1309 2071 1442 2131; x_wconf 72' lang='grc' dir='ltr'><em>ἅπαξ.</em></span> 
     </span>
    </p>

    <p class='ocr_par' dir='ltr' id='par_1_6' title="bbox 300 2141 1912 2272">
     <span class='ocr_line' id='line_1_28' title="bbox 419 2141 1912 2204; baseline 0.004 -15"><span class='ocrx_word' id='word_1_217' title='bbox 419 2146 510 2190; x_wconf 91' lang='lat' dir='ltr'>Sub</span> <span class='ocrx_word' id='word_1_218' title='bbox 542 2160 648 2191; x_wconf 89' lang='lat' dir='ltr'>voce</span> <span class='ocrx_word' id='word_1_219' title='bbox 680 2141 904 2199; x_wconf 77' lang='grc' dir='ltr'><em>Αἰσχύλος</em></span> <span class='ocrx_word' id='word_1_220' title='bbox 932 2148 1049 2204; x_wconf 88' lang='lat' dir='ltr'>apud</span> <span class='ocrx_word' id='word_1_221' title='bbox 1083 2148 1264 2193; x_wconf 86' lang='lat' dir='ltr'>Suidam</span> <span class='ocrx_word' id='word_1_222' title='bbox 1307 2152 1461 2194; x_wconf 87' lang='lat' dir='ltr'>iterum</span> <span class='ocrx_word' id='word_1_223' title='bbox 1495 2153 1564 2194; x_wconf 82' lang='lat' dir='ltr'>est</span> <span class='ocrx_word' id='word_1_224' title='bbox 1595 2153 1816 2195; x_wconf 81' lang='lat' dir='ltr'>narratum</span> <span class='ocrx_word' id='word_1_225' title='bbox 1846 2154 1912 2195; x_wconf 89' lang='lat' dir='ltr'>ta-</span> 
     </span>
     <span class='ocr_line' id='line_1_29' title="bbox 300 2216 996 2272; baseline 0.001 -14"><span class='ocrx_word' id='word_1_226' title='bbox 300 2216 495 2259; x_wconf 88' lang='lat' dir='ltr'>bulatum</span> <span class='ocrx_word' id='word_1_227' title='bbox 531 2217 723 2272; x_wconf 86' lang='lat' dir='ltr'>ligneum</span> <span class='ocrx_word' id='word_1_228' title='bbox 757 2221 996 2262; x_wconf 87' lang='lat' dir='ltr'>corruisse:</span> 
     </span>
    </p>

    <p class='ocr_par' dir='ltr' id='par_1_7' title="bbox 295 2281 1911 2408">
     <span class='ocr_line' id='line_1_30' title="bbox 549 2281 1911 2345; baseline 0.003 -18"><span class='ocrx_word' id='word_1_229' title='bbox 549 2319 557 2327; x_wconf 93' lang='lat'><strong><em>.</em></strong></span> <span class='ocrx_word' id='word_1_230' title='bbox 592 2281 737 2344; x_wconf 72' lang='grc' dir='ltr'><em>φυγὼν</em></span> <span class='ocrx_word' id='word_1_231' title='bbox 777 2285 826 2328; x_wconf 77' lang='grc' dir='ltr'>δὲ</span> <span class='ocrx_word' id='word_1_232' title='bbox 863 2284 925 2338; x_wconf 75' lang='grc' dir='ltr'><em>εἷς</em></span> <span class='ocrx_word' id='word_1_233' title='bbox 957 2285 1154 2330; x_wconf 76' lang='grc' dir='ltr'><em>Σικελίαν</em></span> <span class='ocrx_word' id='word_1_234' title='bbox 1193 2284 1266 2331; x_wconf 75' lang='grc' dir='ltr'>διὰ</span> <span class='ocrx_word' id='word_1_235' title='bbox 1302 2284 1353 2331; x_wconf 84' lang='grc' dir='ltr'>τὸ</span> <span class='ocrx_word' id='word_1_236' title='bbox 1389 2291 1541 2332; x_wconf 82' lang='grc' dir='ltr'><em>πεσεῖν</em></span> <span class='ocrx_word' id='word_1_237' title='bbox 1575 2284 1630 2332; x_wconf 76' lang='grc' dir='ltr'>τὰ</span> <span class='ocrx_word' id='word_1_238' title='bbox 1659 2285 1778 2345; x_wconf 71' lang='grc' dir='ltr'><em>ἴκρια</em></span> <span class='ocrx_word' id='word_1_239' title='bbox 1809 2287 1911 2331; x_wconf 72' lang='grc' dir='ltr'><em>ἑπι-</em></span> 
     </span>
     <span class='ocr_line' id='line_1_31' title="bbox 295 2349 737 2408; baseline 0.009 -13"><span class='ocrx_word' id='word_1_240' title='bbox 295 2354 568 2408; x_wconf 73' lang='grc' dir='ltr'><em>δεικνυμένου</em></span> <span class='ocrx_word' id='word_1_241' title='bbox 599 2349 737 2399; x_wconf 64' lang='grc' dir='ltr'><em>αὐτοῦ.</em></span> 
     </span>
    </p>

    <p class='ocr_par' dir='ltr' id='par_1_8' title="bbox 296 2426 1910 2767">
     <span class='ocr_line' id='line_1_32' title="bbox 415 2426 1908 2487; baseline 0.003 -17"><span class='ocrx_word' id='word_1_242' title='bbox 415 2426 576 2471; x_wconf 87' lang='lat' dir='ltr'>Auctor</span> <span class='ocrx_word' id='word_1_243' title='bbox 607 2427 761 2472; x_wconf 87' lang='lat' dir='ltr'>horum</span> <span class='ocrx_word' id='word_1_244' title='bbox 795 2429 990 2473; x_wconf 88' lang='lat' dir='ltr'>locorum</span> <span class='ocrx_word' id='word_1_245' title='bbox 1013 2430 1249 2484; x_wconf 87' lang='lat' dir='ltr'>nesciebat,</span> <span class='ocrx_word' id='word_1_246' title='bbox 1279 2431 1459 2486; x_wconf 88' lang='lat' dir='ltr'>quando</span> <span class='ocrx_word' id='word_1_247' title='bbox 1478 2434 1520 2475; x_wconf 86' lang='lat' dir='ltr'>et</span> <span class='ocrx_word' id='word_1_248' title='bbox 1541 2444 1627 2487; x_wconf 71' lang='lat' dir='ltr'>qua</span> <span class='ocrx_word' id='word_1_249' title='bbox 1650 2444 1694 2475; x_wconf 91' lang='lat' dir='ltr'>re</span> <span class='ocrx_word' id='word_1_250' title='bbox 1725 2433 1908 2487; x_wconf 81' lang='lat' dir='ltr'>permoti</span> 
     </span>
     <span class='ocr_line' id='line_1_33' title="bbox 298 2496 1910 2557; baseline 0.004 -17"><span class='ocrx_word' id='word_1_251' title='bbox 298 2496 590 2541; x_wconf 77' lang='lat' dir='ltr'>Athenienses</span> <span class='ocrx_word' id='word_1_252' title='bbox 634 2499 851 2543; x_wconf 86' lang='lat' dir='ltr'>theatrum</span> <span class='ocrx_word' id='word_1_253' title='bbox 901 2501 1122 2556; x_wconf 85' lang='lat' dir='ltr'>lapideum</span> <span class='ocrx_word' id='word_1_254' title='bbox 1169 2503 1447 2554; x_wconf 85' lang='lat' dir='ltr'>struxissent‚</span> <span class='ocrx_word' id='word_1_255' title='bbox 1503 2513 1676 2557; x_wconf 79' lang='lat' dir='ltr'>quaque</span> <span class='ocrx_word' id='word_1_256' title='bbox 1722 2514 1767 2546; x_wconf 88' lang='lat' dir='ltr'>re</span> <span class='ocrx_word' id='word_1_257' title='bbox 1812 2514 1910 2557; x_wconf 82' lang='lat' dir='ltr'>per-</span> 
     </span>
     <span class='ocr_line' id='line_1_34' title="bbox 299 2568 1910 2627; baseline 0.004 -17"><span class='ocrx_word' id='word_1_258' title='bbox 299 2571 447 2611; x_wconf 86' lang='lat' dir='ltr'>motus</span> <span class='ocrx_word' id='word_1_259' title='bbox 478 2568 722 2624; x_wconf 90' lang='lat' dir='ltr'>Aeschylus</span> <span class='ocrx_word' id='word_1_260' title='bbox 771 2572 815 2613; x_wconf 91' lang='lat' dir='ltr'>in</span> <span class='ocrx_word' id='word_1_261' title='bbox 854 2570 1046 2615; x_wconf 85' lang='lat' dir='ltr'>Siciliam</span> <span class='ocrx_word' id='word_1_262' title='bbox 1093 2571 1314 2627; x_wconf 82' lang='lat' dir='ltr'>profectus</span> <span class='ocrx_word' id='word_1_263' title='bbox 1347 2574 1493 2615; x_wconf 76' lang='lat' dir='ltr'>esset.</span> <span class='ocrx_word' id='word_1_264' title='bbox 1568 2571 1623 2615; x_wconf 86' lang='lat' dir='ltr'>At</span> <span class='ocrx_word' id='word_1_265' title='bbox 1669 2573 1707 2616; x_wconf 90' lang='lat' dir='ltr'>ei</span> <span class='ocrx_word' id='word_1_266' title='bbox 1754 2575 1910 2616; x_wconf 76' lang='lat' dir='ltr'>notum.</span> 
     </span>
     <span class='ocr_line' id='line_1_35' title="bbox 298 2638 1908 2699; baseline 0.004 -19"><span class='ocrx_word' id='word_1_267' title='bbox 298 2641 400 2690; x_wconf 87' lang='lat' dir='ltr'>erat,</span> <span class='ocrx_word' id='word_1_268' title='bbox 440 2638 678 2694; x_wconf 81' lang='lat' dir='ltr'>aliquando</span> <span class='ocrx_word' id='word_1_269' title='bbox 715 2652 814 2684; x_wconf 88' lang='lat' dir='ltr'>cum</span> <span class='ocrx_word' id='word_1_270' title='bbox 860 2644 903 2685; x_wconf 88' lang='lat' dir='ltr'>et</span> <span class='ocrx_word' id='word_1_271' title='bbox 944 2641 1140 2685; x_wconf 86' lang='lat' dir='ltr'>Pratinae</span> <span class='ocrx_word' id='word_1_272' title='bbox 1186 2645 1229 2685; x_wconf 90' lang='lat' dir='ltr'>et</span> <span class='ocrx_word' id='word_1_273' title='bbox 1266 2641 1469 2697; x_wconf 86' lang='lat' dir='ltr'>Aeschyli</span> <span class='ocrx_word' id='word_1_274' title='bbox 1515 2641 1691 2686; x_wconf 77' lang='lat' dir='ltr'>fabulae</span> <span class='ocrx_word' id='word_1_275' title='bbox 1736 2642 1908 2699; x_wconf 78' lang='lat' dir='ltr'>aliquae</span> 
     </span>
     <span class='ocr_line' id='line_1_36' title="bbox 296 2709 1907 2767; baseline 0.004 -17"><span class='ocrx_word' id='word_1_276' title='bbox 296 2712 537 2762; x_wconf 83' lang='lat' dir='ltr'>agerentur,</span> <span class='ocrx_word' id='word_1_277' title='bbox 568 2709 812 2754; x_wconf 85' lang='lat' dir='ltr'>tabulatum</span> <span class='ocrx_word' id='word_1_278' title='bbox 846 2711 1038 2767; x_wconf 88' lang='lat' dir='ltr'>ligneum</span> <span class='ocrx_word' id='word_1_279' title='bbox 1071 2714 1303 2755; x_wconf 83' lang='lat' dir='ltr'>corruisse.</span> <span class='ocrx_word' id='word_1_280' title='bbox 1364 2711 1511 2767; x_wconf 84' lang='lat' dir='ltr'>ltaque</span> <span class='ocrx_word' id='word_1_281' title='bbox 1541 2711 1654 2755; x_wconf 88' lang='lat' dir='ltr'>hanc</span> <span class='ocrx_word' id='word_1_282' title='bbox 1685 2725 1775 2756; x_wconf 87' lang='lat' dir='ltr'>rem</span> <span class='ocrx_word' id='word_1_283' title='bbox 1807 2725 1907 2756; x_wconf 84' lang='lat' dir='ltr'>cum</span> 
     </span>
    </p>
   </div>
   <div class='ocr_carea' id='block_1_3' title="bbox 295 2811 1905 2976">
    <p class='ocr_par' dir='ltr' id='par_1_9' title="bbox 295 2811 1905 2976">
     <span class='ocr_line' id='line_1_37' title="bbox 416 2811 1905 2860; baseline 0.005 -15"><span class='ocrx_word' id='word_1_284' title='bbox 416 2813 440 2854; x_wconf 87' lang='lat'>¹)</span> <span class='ocrx_word' id='word_1_285' title='bbox 467 2811 503 2846; x_wconf 83' lang='grc' dir='ltr'>Ε.</span> <span class='ocrx_word' id='word_1_286' title='bbox 531 2812 700 2848; x_wconf 86' lang='lat' dir='ltr'>Petersen</span> <span class='ocrx_word' id='word_1_287' title='bbox 736 2815 882 2858; x_wconf 89' lang='lat' dir='ltr'>quidem</span> <span class='ocrx_word' id='word_1_288' title='bbox 923 2815 1004 2858; x_wconf 70' lang='grc' dir='ltr'>(Κῇ.</span> <span class='ocrx_word' id='word_1_289' title='bbox 1032 2814 1128 2850; x_wconf 75' lang='lat' dir='ltr'>Mus.</span> <span class='ocrx_word' id='word_1_290' title='bbox 1154 2815 1210 2858; x_wconf 89' lang='grc'>64,</span> <span class='ocrx_word' id='word_1_291' title='bbox 1245 2815 1347 2857; x_wconf 87' lang='lat'>1909,</span> <span class='ocrx_word' id='word_1_292' title='bbox 1386 2824 1421 2858; x_wconf 86' lang='lat' dir='ltr'>p.</span> <span class='ocrx_word' id='word_1_293' title='bbox 1454 2815 1520 2850; x_wconf 80' lang='lat'>481</span> <span class='ocrx_word' id='word_1_294' title='bbox 1550 2815 1646 2860; x_wconf 86' lang='lat' dir='ltr'>sqq.)</span> <span class='ocrx_word' id='word_1_295' title='bbox 1687 2815 1905 2852; x_wconf 83' lang='lat' dir='ltr'>Pausaniam</span> 
     </span>
     <span class='ocr_line' id='line_1_38' title="bbox 295 2870 1534 2918; baseline 0.003 -14"><span class='ocrx_word' id='word_1_296' title='bbox 295 2870 451 2914; x_wconf 83' lang='lat' dir='ltr'>plurima</span> <span class='ocrx_word' id='word_1_297' title='bbox 480 2876 730 2915; x_wconf 89' lang='lat' dir='ltr'>monumenta,</span> <span class='ocrx_word' id='word_1_298' title='bbox 758 2873 801 2908; x_wconf 90' lang='lat' dir='ltr'>de</span> <span class='ocrx_word' id='word_1_299' title='bbox 827 2874 961 2918; x_wconf 89' lang='lat' dir='ltr'>quibus</span> <span class='ocrx_word' id='word_1_300' title='bbox 987 2875 1074 2918; x_wconf 87' lang='lat' dir='ltr'>agit,</span> <span class='ocrx_word' id='word_1_301' title='bbox 1102 2875 1222 2917; x_wconf 88' lang='lat' dir='ltr'>ipsum</span> <span class='ocrx_word' id='word_1_302' title='bbox 1251 2873 1390 2908; x_wconf 89' lang='lat' dir='ltr'>vidisse</span> <span class='ocrx_word' id='word_1_303' title='bbox 1415 2876 1534 2917; x_wconf 87' lang='lat' dir='ltr'>putat.</span> 
     </span>
     <span class='ocr_line' id='line_1_39' title="bbox 415 2929 1636 2976; baseline 0.002 -12"><span class='ocrx_word' id='word_1_304' title='bbox 415 2930 442 2971; x_wconf 74' lang='lat'>²)</span> <span class='ocrx_word' id='word_1_305' title='bbox 470 2929 603 2965; x_wconf 89' lang='lat' dir='ltr'>Suidae</span> <span class='ocrx_word' id='word_1_306' title='bbox 630 2931 698 2966; x_wconf 86' lang='lat' dir='ltr'>lex.</span> <span class='ocrx_word' id='word_1_307' title='bbox 725 2931 781 2965; x_wconf 90' lang='lat' dir='ltr'>ed.</span> <span class='ocrx_word' id='word_1_308' title='bbox 809 2931 1033 2976; x_wconf 87' lang='lat' dir='ltr'>Bernhardy.</span> <span class='ocrx_word' id='word_1_309' title='bbox 1059 2931 1139 2967; x_wconf 75' lang='lat' dir='ltr'>tlal.</span> <span class='ocrx_word' id='word_1_310' title='bbox 1166 2934 1202 2966; x_wconf 90' lang='lat' dir='ltr'>et</span> <span class='ocrx_word' id='word_1_311' title='bbox 1228 2931 1390 2966; x_wconf 84' lang='lat' dir='ltr'>Brunsw.</span> <span class='ocrx_word' id='word_1_312' title='bbox 1440 2932 1636 2967; x_wconf 87' lang='lat'>1852—53.</span> 
     </span>
    </p>
   </div>
  </div>
 </body>
</html>
