1994 3236
332 725 575 794 Poetarum
611 748 890 801 Graecorum,
934 750 1006 805 qui
1051 750 1205 804 quinto
1238 761 1274 791 a.
1308 747 1403 791 Chr.
1438 762 1476 791 n.
1522 750 1698 793 saeculo
1734 752 1800 792 in-

156 824 296 864 eunte
328 820 584 873 floruerunt,
632 820 841 872 Pratinas,
889 831 1158 875 quamquam
1201 821 1325 874 pauci
1360 823 1531 863 tantum
1566 833 1723 863 versus
1757 826 1798 863 et

157 903 303 947 *pauca
336 893 591 937 testimonia
625 889 756 934 nobis
790 890 947 933 tradita
982 894 1098 943 sunt,
1131 889 1294 946 quibus
1329 889 1383 933 de
1416 891 1511 934 eius
1545 892 1632 933 vita
1667 894 1797 946 atque

157 963 329 1017 ingenii
372 961 519 1006 indole
561 963 766 1005 certiores
800 961 949 1014 fimus,
992 962 1208 1016 imprimis
1243 964 1486 1005 memoratu
1521 962 1685 1016 dignus
1719 966 1797 1005 est.

164 1031 272 1076 Nam
307 1036 349 1077 et
382 1034 627 1077 sententiae
660 1037 702 1076 et
735 1045 804 1076 res
839 1034 1016 1076 metrica
1050 1037 1092 1075 et
1125 1044 1271 1075 sermo
1294 1031 1640 1086 fragmentorum
1666 1031 1796 1075 nobis

163 1107 437 1147 servatorum
470 1103 711 1147 admodum
748 1103 997 1158 singulares
1031 1106 1147 1155 sunt,
1190 1106 1237 1146 ut
1276 1103 1380 1146 mihi
1424 1103 1601 1159 quidem
1638 1105 1793 1146 mirum

155 1186 264 1218 esse
297 1174 507 1226 videatur,
550 1174 668 1230 quod
702 1174 847 1218 adhuc
881 1187 1011 1218 nemo
1045 1178 1230 1218 conatus
1265 1177 1333 1217 est
1365 1174 1492 1229 plene
1525 1186 1574 1217 ac
1609 1173 1795 1228 perfecte

152 1244 217 1288 de
249 1245 332 1290 hoc
366 1250 494 1301 poeta
529 1245 730 1290 scribere.

278 1315 333 1360 At
381 1320 599 1373 quotquot
641 1320 818 1360 exstant
850 1330 888 1359 v.
921 1316 960 1359 d.
994 1316 1048 1360 de
1084 1317 1167 1360 hoc
1209 1319 1337 1371 poeta
1385 1317 1795 1367 commentationes,

152 1398 314 1442 'parum
363 1391 591 1431 accuratae
639 1391 692 1440 et,
741 1391 787 1431 ut
835 1390 893 1431 ita
937 1388 1094 1441 dicam,
1141 1387 1428 1432 adumbratae
1468 1387 1573 1430 mihi
1615 1386 1792 1442 quidem

157 1457 376 1510 videntur,
410 1462 457 1502 ut
489 1470 647 1514 operae
678 1458 772 1502 fore
806 1461 992 1514 pretium
1027 1462 1190 1514 putem,
1223 1460 1470 1502 accuratius
1495 1471 1625 1514 quam
1650 1458 1795 1501 adhuc

150 1527 323 1572 tactum
358 1533 438 1583 est,
470 1529 525 1573 de
558 1529 730 1573 Pratina
765 1529 956 1574 Phliasio
989 1530 1219 1574 disserere.

277 1598 338 1644 Ac
370 1602 559 1656 primum
594 1601 773 1657 quidem
807 1600 1054 1656 fragmenta
1088 1605 1130 1644 et
1160 1602 1418 1645 testimonia
1450 1600 1504 1643 ad
1541 1600 1657 1643 hunc
1689 1612 1794 1655 poe-

149 1673 246 1714 tam
281 1672 528 1727 spectantia
561 1671 786 1727 colligam;
819 1672 1059 1728 adiungam
1084 1672 1296 1716 nonnulla
1320 1672 1374 1715 de
1397 1671 1668 1715 carminibus
1692 1671 1794 1726 lyri-

147 1742 234 1795 cis,
281 1743 498 1798 satyricis,
543 1744 736 1798 tragicis.
805 1743 1002 1799 Denique
1049 1743 1103 1787 de
1151 1744 1276 1798 copia
1319 1742 1550 1786 verborum
1597 1741 1793 1785 Pratinae

148 1811 300 1856 dicam
334 1812 580 1868 (nonnullis
613 1814 712 1857 aliis
746 1816 890 1869 poetis
923 1813 1175 1868 adiunctis).

276 1883 476 1928 Pratinae
508 1897 621 1941 quae
655 1888 833 1928 exstant
864 1884 1110 1940 fragmenta
1144 1887 1292 1929 omnia
1315 1889 1391 1928 aut
1427 1884 1638 1928 nonnulla
1663 1884 1792 1927 colle—

146 1958 314 2011 gerunt
345 1959 388 1999 et
419 1955 670 2000 ediderunt:
692 1955 720 2011 ¹)

215 2025 240 2070 l.
272 2025 318 2069 A.
350 2025 634 2082 flartung,
668 2026 744 2070 Die
776 1988 1082 2082 griechischen
1119 2027 1301 2083 Lyriker
1345 2026 1472 2079 1858,
1505 2039 1543 2082 p.
1576 2027 1663 2069 258
1699 2038 1790 2081 sqq.

213 2095 295 2140 Th.
329 2096 523 2152 Bergk,
565 2097 723 2141 Poetae
757 2097 876 2153 lyrici
912 2097 1076 2141 Graeci.
1142 2098 1253 2153 Lips.
1305 2098 1464 2151 ‘²1882,
1505 2110 1545 2153 p.
1576 2097 1662 2140 557
1697 2110 1792 2152 sqq.

214 2167 318 2212 loh.
352 2167 620 2222 Pomtow,
668 2169 825 2213 Poetae
875 2169 993 2225 lyrici
1045 2168 1195 2213 Graeci
1252 2170 1459 2212 minores.
1526 2168 1635 2223 Lips.
1671 2168 1786 2210 1885

287 2239 384 2286 ,νοΙ.
418 2239 459 2293 ll,
492 2252 532 2295 p.
563 2239 621 2283 76
654 2253 749 2296 sqq.

211 2309 258 2354 A.
292 2309 492 2363 Nauck,
539 2310 819 2366 Tragicorum
864 2310 1127 2355 Graecorum
1169 2310 1428 2365 fragmenta.
1471 2309 1581 2365 Lips.
1625 2309 1785 2352 ²1889.

271 2511 299 2555 ¹)
325 2510 375 2546 De
414 2512 690 2556 antiquioribus
729 2513 930 2557 lyricorum
972 2513 1213 2557 editionibus,
1262 2514 1323 2548 ubi
1358 2513 1526 2548 Pratinae
1573 2512 1780 2557 fragmenta

142 2569 291 2614 scripta
310 2569 427 2605 fuisse
447 2570 633 2613 videntur,
661 2571 707 2606 cf.
725 2571 863 2607 ssoann.
883 2571 1023 2607 Albert.
1044 2572 1196 2608 Fabricii
1219 2569 1447 2608 Bibliotheca
1471 2571 1611 2608 Graeca
1632 2572 1787 2607 Harlesii

143 2627 368 2672 lips.1790
400 2639 481 2674 sqq.
522 2629 596 2665 vol.
634 2629 670 2673 ll,
708 2641 743 2674 p.
779 2631 825 2666 87
861 2642 946 2666 ann.
981 2631 1003 2668 l.
1040 2631 1061 2666 l.
1134 2631 1197 2675 „st
1236 2631 1537 2676 Stephanus,
1576 2631 1714 2667 Graece
1754 2636 1788 2666 et

143 2685 276 2723 'Latine
302 2688 358 2723 ed.
385 2689 590 2724 carminum
619 2693 814 2733 poetarum
836 2700 972 2725 novem
1002 2690 1140 2735 lyricae
1169 2701 1330 2734 poeseos
1349 2691 1558 2735 principum
1579 2690 1787 2735 fragmenta

147 2743 286 2788 Alcaei,
333 2745 519 2791 Sapphus,
559 2747 775 2791 Stesichori,
827 2749 939 2794 lbyci,
978 2749 1238 2785 Anacreontis.
1283 2749 1530 2794 Bacchylidis,
1574 2749 1787 2790 Simonidis,

143 2802 350 2847 Alcmanis,
397 2805 556 2848 Pindari,
598 2807 775 2843 nonnulla
818 2809 929 2843 etiam
974 2809 1215 2843 aliorum...
1242 2835 1251 2844 .
1327 2808 1462 2844 Pratini
1507 2809 1595 2851 <hoc
1639 2809 1787 2843 nomine

139 2862 329 2899 -editorem
368 2863 554 2900 Pratinam
596 2866 811 2910 significare
859 2868 968 2912 puto)
1006 2867 1324 2903 Timocreontis..
1354 2894 1361 2902 .
1390 2870 1418 2902 .“
1480 2867 1698 2903 Afieruntur
1731 2868 1787 2902 ed.

150 2921 181 2958 1.
221 2921 465 2965 plantiniana,
505 2923 562 2959 ed.
589 2923 620 2959 I.
648 2923 834 2969 Antwerp.
875 2927 977 2961 1567.
1029 2927 1061 2960 2.
1102 2926 1217 2961 editio
1245 2931 1389 2971 quarta,
1426 2937 1484 2970 ap.
1522 2927 1672 2962 Paulum
1710 2925 1788 2962 Ste-

139 2980 325 3026 phanum,
352 2992 452 3017 anno
479 2982 583 3018 1600.
