1994 3236
799 244 856 248 -.
917 220 974 262 55
1040 245 1090 249 -

139 333 215 380 De
245 333 479 380 Pratinae
509 335 696 381 fabulis
728 337 962 391 satyricis
992 338 1307 394 tragicisque
1339 349 1462 394 quae
1495 340 1742 386 dicuntur.

473 443 516 490 b')
564 443 633 487 De
673 443 898 487 Pratina
942 448 1102 500 poeta
1150 447 1415 502 satyrico.

246 525 308 571 De
337 525 503 570 fabulis
537 528 739 582 satyricis
774 527 907 571 huius
941 532 1095 583 poetae
1129 531 1372 584 scripturus
1414 543 1502 574 non
1543 544 1631 575 rem
1666 545 1762 575 om-

128 599 236 642 nino
269 609 430 642 novam
465 598 678 653 incipio.¹)
736 597 974 654 Postquam
1009 597 1352 654 Casaubonus2)
1385 600 1439 644 de
1478 603 1600 656 poesi
1642 606 1762 658 saty-

127 669 214 712 rica
248 667 514 712 Graecorum
564 669 776 712 nonnulla
826 669 1017 724 protulit,
1065 670 1309 725 Welclzer²³J
1358 672 1504 715 denuo
1553 672 1607 715 ad
1651 672 1763 716 hanc

127 740 436 796 quaestionem
486 739 746 783 solvendam
798 752 1039 795 aggressus
1082 745 1160 785 est.
1224 741 1455 786 Permultis
1499 743 1607 787 locis
1652 756 1762 787 usus

127 813 208 864 est,
255 811 330 866 qui
377 809 433 854 ad
483 810 566 854 hoc
607 812 759 866 poesis
793 810 1057 855 Graecorum
1092 825 1234 866 genus
1278 814 1638 868 cognoscendum
1673 816 1762 869 apti

128 884 255 935 sunt;
301 883 428 925 cuius
466 895 504 925 v.
542 880 582 924 d.
616 884 930 925 commentatio
964 885 1153 926 summis
1200 883 1407 927 laudibus
1456 884 1589 939 digna
1632 890 1763 941 atque

127 951 240 997 adeo
262 951 454 1008 perfecta
472 955 551 1002 est,
575 956 623 996 ut
645 952 703 995 illi
729 967 766 996 v.
790 953 841 1005 d.,
865 955 938 1007 qui
964 958 1066 1008 post
1089 954 1283 998 Welcker
1302 955 1414 998 hanc
1437 968 1525 999 rem
1550 955 1764 1008 adierunt,

128 1022 237 1067 nihil
267 1022 359 1068 fere
392 1025 495 1068 novi
530 1023 839 1079 protulerint.⁴)

43 1090 52 1101 ²
230 1093 286 1139 At
302 1107 403 1139 cum
426 1107 560 1150 supra
578 1095 635 1150 (p.
651 1095 710 1138 40
721 1095 834 1151 sqq.)
852 1095 1232 1140 demonstravisse
1252 1097 1357 1140 mihi
1377 1097 1526 1141 videor
1546 1097 1761 1141 Pratinam

126 1166 347 1211 choricam
382 1165 498 1209 illam
534 1167 779 1221 simplicem
827 1167 997 1221 poesim
1034 1169 1267 1222 satyricam
1303 1170 1566 1222 exercuisse,
1606 1181 1764 1224 operae

65 1244 72 1252 '
125 1236 220 1282 fore
253 1239 439 1294 pretium
475 1240 582 1292 puto
615 1237 762 1281 denuo
797 1239 1025 1293 inquirere,
1059 1250 1189 1293 quem
1215 1238 1357 1282 locum
1385 1238 1581 1283 Pratinas
1605 1239 1765 1283 habeat

128 1310 174 1360 in
218 1308 403 1352 historia
441 1307 690 1351 fabularum
738 1310 1038 1363 satyricarum.
1100 1307 1226 1357 Quod
1262 1314 1306 1352 ut
1341 1310 1585 1365 explanem,
1632 1311 1764 1365 paulo

126 1379 306 1436 longius
339 1379 407 1423 est
440 1378 740 1434 repetendum.

247 1449 428 1494 Schmid
463 1448 652 1505 (Griech.
686 1449 1152 1504 Literaturgeschichte
1190 1451 1350 1504 51908,
1384 1465 1482 1507 pgg.
1514 1452 1621 1505 24&
1659 1452 1764 1505 2250;

125 1521 237 1576 251;
267 1521 376 1575 266;
407 1520 512 1576 268)
545 1519 651 1564 dicit
683 1520 901 1563 Pratinam
934 1519 1130 1566 fabulam
1158 1523 1406 1577 satyricam,
1439 1525 1617 1578 quaein
1643 1523 1765 1566 Pelo-

128 1604 332 1649 ponneso
380 1591 728 1648 septentrionali,
761 1593 992 1647 praecipue
1027 1591 1228 1636 Phliunte
1267 1598 1387 1636 esset
1428 1597 1535 1645 orta,
1568 1593 1764 1637 Athenas

126 1665 407 1720 importasse.
468 1662 611 1706 Huius
660 1665 718 1706 rei
768 1667 1076 1718 argumentum
1121 1676 1295 1708 carmen
1341 1665 1483 1708 solum
1518 1664 1647 1708 Anth.
1682 1665 1764 1708 Pal.

127 1733 299 1787 vl1‚,37
331 1733 470 1778 affert.
533 1732 673 1784 Quam
709 1732 922 1778 Schmidii
956 1736 1211 1789 opinionem
1246 1735 1404 1778 falsam
1440 1749 1541 1779 esse
1574 1739 1765 1791 apparet.

128 1804 238 1850 Nam
261 1804 445 1861 Dionysi
479 1805 659 1856 cultum,
691 1818 743 1849 ex
776 1817 864 1861 quo
892 1829 936 1833 —
968 1805 1008 1848 id
1044 1806 1161 1861 quod
1197 1819 1314 1849 nunc
1347 1808 1458 1850 inter
1491 1819 1647 1850 omnes
1676 1806 1764 1850 fere
1802 1848 1805 1850 ,

125 1889 167 1921 v.
198 1875 356 1921 doctos
387 1879 564 1920 constat
608 1901 646 1905 -
683 1875 859 1919 fabulae
894 1878 1107 1932 satyricae
1141 1880 1183 1920 et
1214 1879 1403 1932 tragicae
1449 1890 1561 1933 quae
1610 1877 1764 1920 dicun-

246 2030 272 2072 ¹)
313 2029 388 2065 lam
414 2028 675 2078 Chamaeleon,
704 2030 759 2063 vir
786 2029 844 2064 ille
872 2030 1150 2073 peripateticus,
1176 2033 1260 2073 περὶ
1287 2027 1462 2074 Σατύρων
1489 2030 1650 2073 scripsit.
1695 2030 1763 2072 (Cf.

126 2087 335 2134 Wendling,
370 2088 407 2123 Ρ.
433 2087 486 2124 W.
515 2087 552 2124 R.
580 2087 618 2122 Ε.
646 2087 700 2130 111,
727 2088 759 2130 2,
787 2097 821 2133 p.
848 2089 942 2123 2103
968 2088 1040 2133 sq.)
1091 2087 1172 2129 Quo
1210 2090 1245 2123 in
1283 2088 1377 2123 libro
1405 2089 1516 2123 etiam
1545 2088 1587 2123 de
1616 2088 1762 2124 Pratina

127 2146 269 2183 dictum
295 2157 378 2183 esse
406 2147 714 2183 verisimillimum
741 2152 810 2182 est.

247 2207 274 2252 ²]
312 2206 572 2250 Casaubonus,
613 2206 662 2242 De
690 2208 854 2251 satyrica
883 2206 1109 2242 Graecorum
1150 2208 1254 2251 poesi
1283 2211 1319 2242 et
1348 2207 1598 2243 Romanorum
1636 2208 1762 2243 satira.

46 2311 49 2313 ι
125 2265 190 2302 lib.
218 2266 257 2302 li.
308 2266 410 2302 Paris
437 2267 540 2302 1605.

247 2325 277 2370 ⁸)
302 2325 355 2360 Fr.
381 2324 424 2361 G.
451 2324 626 2367 WelcRer,
655 2325 842 2369 Nachtrag
869 2336 913 2360 zu
941 2325 1006 2360 der
1033 2325 1169 2360 Schrift
1196 2326 1285 2360 tiber
1312 2326 1369 2360 die
1398 2324 1662 2369 Aeschylische
1691 2325 1766 2359 Tri-

41 2363 62 2425 ζ’,
127 2383 226 2430 logie
259 2385 370 2421 nebst
403 2385 504 2420 einer
530 2383 783 2429 abhandlung
818 2386 908 2419 tiber
934 2385 1002 2420 das
1029 2384 1249 2429 Satyispiel.
1301 2384 1497 2419 Frankfurt
1523 2395 1555 2419 a.
1584 2384 1633 2418 Μ.
1665 2385 1765 2426 1826,

128 2452 164 2491 p.
191 2443 261 2480 183
285 2453 368 2490 sqq.

247 2504 274 2546 4)
311 2501 387 2539 Frz.
413 2503 598 2546 Wieseler,
638 2503 711 2538 Das
749 2503 967 2548 Satyrspiel,
1008 2503 1107 2537 Nach
1146 2502 1348 2547 Massgabe
1384 2504 1485 2537 eines
1523 2502 1765 2537 Vasenbildes

129 2561 359 2608 dargestellt.
409 2561 610 2606 Gottinger
635 2561 789 2598 Studien
822 2563 921 2597 1847.
949 2563 982 2596 2.
1010 2562 1093 2596 Abt.
1122 2572 1155 2606 p.
1183 2563 1253 2597 565
1284 2573 1364 2606 sqq.
1392 2582 1435 2586 —
1465 2562 1540 2596 Nik.
1568 2561 1765 2603 Wecklein,

127 2620 322 2667 Euripides
348 2621 524 2666 Cyclops,
567 2621 650 2665 Lpz.
679 2622 781 2663 1903,
810 2631 842 2665 p.
872 2623 889 2655 1
919 2631 1059 2666 sqq.—
1081 2620 1242 2655 Lionello
1271 2620 1365 2662 Levi,
1396 2620 1547 2655 intorno
1575 2620 1608 2655 al
1638 2620 1764 2654 drama

129 2680 294 2724 satirico,
339 2679 483 2716 Rivista
523 2680 558 2715 di
595 2679 717 2715 Storia
755 2679 899 2722 Amica,
939 2690 1063 2715 nuova
1093 2679 1203 2715 Serie.
1243 2681 1350 2714 Anno
1391 2679 1460 2722 ΧΗ,
1500 2679 1622 2714 Padua
1663 2679 1765 2713 1908.

38 2712 57 2779 s,
128 2746 167 2784 p.
194 2739 261 2775 201
290 2749 372 2784 sqq.
396 2757 444 2764 —
469 2738 587 2774 Huius
614 2740 945 2774 commentationis
972 2738 1170 2773 Weckeinii
1205 2749 1399 2774 censuram
1430 2739 1513 2773 vide
1542 2739 1577 2773 in
1607 2738 1766 2773 Berliner

50 2790 51 2794 ¹
129 2795 261 2842 philol.
289 2797 589 2833 wochenschrift
617 2798 719 2839 1910,
747 2807 782 2841 p.
810 2798 874 2832 101
904 2808 985 2842 sqq.
1018 2817 1054 2822 —
1084 2797 1246 2832 Lionello
1274 2797 1369 2840 Levi,
1398 2797 1543 2833 Ancora
1571 2798 1666 2832 sulle
1694 2798 1767 2831 ori-

131 2857 210 2901 gini
249 2855 306 2892 del
346 2857 474 2892 drama
511 2857 677 2898 satirico,
716 2855 791 2891 Atti
821 2857 855 2890 d.
883 2856 922 2892 R.
974 2855 1035 2893 lst.
1065 2857 1151 2890 Ven.
1179 2857 1212 2890 d.
1239 2858 1396 2899 scienze‚
1436 2857 1564 2891 lettere
1603 2858 1646 2891 ed
1683 2858 1765 2900 arti,

43 2936 45 2939 ·
130 2914 173 2952 A.
201 2916 260 2952 69.
286 2925 322 2960 p.
350 2915 389 2958 ll,
418 2914 694 2951 lom—flacc
721 2915 990 2950 commentatio
1018 2915 1107 2950 nihil
1136 2916 1223 2950 novi
1252 2915 1399 2959 attulit;
1426 2915 1472 2950 cf.
1499 2915 1763 2950 Wochenschr.

128 2973 155 3010 f.
182 2974 298 3011 klass.
325 2974 420 3010 Phil.
452 2974 551 3016 1910,
580 2983 613 3018 p.
642 2974 783 3009 11112.
