1994 3236
858 204 1117 247 -7-

290 332 331 376 p.
361 320 450 364 392
481 319 517 364 A
549 333 645 377 sqq.

220 381 608 448 Ἀριστοτέλης
638 390 699 470 δέ(
719 405 863 448 φησιν,
897 384 920 432 ὁ
953 383 1079 448 ὄρτυξ
1109 391 1226 435 ἐστιν
1259 427 1267 435 .
1304 427 1312 436 .
1348 427 1357 436 .

220 451 575 518 Λλέξανδρος
605 452 645 505 δ
678 453 701 502 5
734 455 934 513 ,Μύνδιος
965 460 1010 504 ἐν
1039 462 1223 520 δευτέρω
1255 464 1355 520 περὶ
1390 459 1510 523 ζώωι
1543 499 1551 507 .
1587 500 1595 508 .
1642 500 1650 507 .
1686 502 1695 518 ,

231 525 552 611 Φανόδημος
582 529 627 574 ἐν
657 530 839 589 δευτέρῳ
862 525 1077 585 Λτθίὸος
1107 532 1240 592 φνσίν
1274 567 1282 576 .
1319 569 1327 578 .
1363 569 1372 578 .
1408 570 1416 578 .

230 593 470 656 Εὔδοξος
498 594 593 645 δ’(
573 618 596 646 ο
627 600 860 654 Κνίδιος
892 602 937 646 ἐν
964 599 1127 662 πρώτῳ
1167 604 1244 662 γῆς
1284 601 1492 661 περιόδου
1524 603 1622 659 τοὺς
1657 606 1805 651 Φοίνι-

317 688 399 724 κας
427 671 543 730 λέγει
576 707 585 716 .
620 707 630 716 .
666 707 674 716 .
710 707 719 716 .

230 735 470 796 Εὔπολις
501 742 546 786 ἐν
579 739 771 787 Πόλεσιν
801 737 955 797 αὐτοὺς
984 744 1188 804 κέκληκεν
1221 781 1229 789 .
1267 782 1275 789 .
1311 782 1319 789 .
1355 781 1364 790 .

218 807 551 873 Ἀντιφάνης
581 807 620 858 ὃ)
654 814 698 857 ἒν
717 809 932 873 Ἀγροίκῳ
965 809 1160 874 ὀρτύγιον
1189 814 1354 876 εἴρηκεν
1386 811 1520 870 οἷ’τως
1553 853 1561 861 .
1597 853 1605 861 .
1642 854 1649 862 .
1686 854 1694 862 .

229 883 519 943 Πρατίνας
551 920 560 928 .
596 920 604 928 .
640 920 649 929 .
685 920 694 929 .

285 957 391 1005 Post
422 957 540 1004 hunc
572 958 772 1004 Pratinae
804 959 948 1004 locum
982 960 1236 1006 Athenaeus
1270 964 1430 1018 pergit:

226 1026 301 1070 καὶ
332 1021 355 1070 v‘
389 1027 535 1080 σιαλὶς
559 1027 608 1071 δὲ
633 1022 726 1071 ‹ini›
747 1024 900 1072 τούτου
920 1021 972 1072 ἓν
991 1026 1067 1087 εἴη,
1100 1030 1232 1088 φησιν
1255 1025 1277 1073 5
1302 1034 1343 1073 A
1356 1029 1410 1074 ίδ
1419 1048 1443 1074 υ
1451 1049 1482 1086 μ
1498 1047 1571 1085 ος,
1606 1023 1803 1088 ὠνομασ-

311 1097 432 1158 μένη.

284 1170 540 1228 Sequuntur
572 1172 654 1216 loci
674 1171 849 1225 Cratini,
882 1172 1115 1217 Alexandri
1139 1174 1325 1230 Myndii‚
1357 1173 1563 1228 Clearchi‚
1598 1175 1800 1220 Demetrii

168 1241 336 1296 Ixionii,
381 1242 708 1298 Aristophanis.
787 1244 878 1288 Suo
927 1257 1046 1289 more
1094 1247 1224 1288 etiam
1274 1245 1357 1289 hoc
1405 1246 1501 1290 loco
1548 1245 1803 1291 Athenaeus

163 1312 333 1358 fontem
382 1326 471 1358 non
520 1316 778 1359 nominavit.
842 1315 988 1371 ltaque
1029 1317 1101 1359 vix
1143 1316 1226 1360 dici
1271 1320 1429 1372 potest,
1477 1329 1565 1373 quo
1605 1330 1657 1361 ex
1690 1317 1803 1362 libro

162 1386 316 1428 auctor
356 1383 470 1428 hanc
511 1385 707 1429 locorum
749 1386 804 1429 de
837 1376 964 1440 ὄρτυξ
1002 1399 1109 1430 voce
1142 1387 1443 1432 collectionem
1479 1389 1754 1444 excerpserit.
1769 1389 1803 1442 ¹>

222 1505 268 1564 b)
310 1507 508 1552 Pratinae
549 1508 846 1565 fragmentum
891 1510 987 1554 loco
1020 1511 1234 1553 insertum
1269 1514 1348 1563 est,
1394 1510 1467 1554 ubi
1503 1512 1740 1566 scriptores

292 1578 549 1634 afferuntur,
580 1581 655 1636 qui
689 1580 743 1624 de
776 1580 961 1624 vocibus
996 1593 1108 1636 quae
1138 1581 1394 1637 significant
1428 1574 1672 1633 ἐκπώματα

677 1651 744 1695 vel
778 1645 969 1707 ποτήρια
1001 1653 1284 1707 scripserunt.

280 1744 354 1790 lib.
385 1744 455 1799 Χῐ,
486 1757 526 1802 p.
557 1745 643 1789 461
680 1745 770 1789 D-li
811 1746 865 1790 de
906 1746 1090 1790 Nestore
1134 1747 1320 1790 dicitur:
1467 1744 1511 1787 [ί
1551 1737 1621 1788 οἶα
1653 1744 1803 1801 ἔχομεν

158 1813 300 1872 λέγειν
329 1813 431 1872 περὶ
461 1813 539 1858 τοῖ’
582 1814 801 1896 Νέστορος
843 1831 1068 1874 ποτηριοι
1119 1831 1141 1858 ο
1181 1811 1310 1871 μόλις
1355 1809 1406 1858 ἷιι
1452 1815 1545 1868 νέος
1581 1812 1800 1871 βαστάσαι

158 1881 314 1942 ισχυεν,
361 1884 573 1944 ,,Νέστωρ
616 1878 655 1929 ὃ
705 1880 728 1928 5
759 1886 893 1943 γέρων
924 1879 1107 1945 ἀμογητὶ
1159 1879 1301 1943 αειρε“
1351 1903 1452 1945 περι
1487 1883 1534 1930 οἱ·
1566 1889 1639 1930 καὶ
1672 1880 1801 1931 αἰτοῦ

160 1951 328 2011 διδάξει
358 1973 402 2000 τι
432 1950 545 2015 ἡμᾶς
577 1951 600 1999 5
634 1952 924 2012 Πλοίταρχος.
960 1951 1050 2014 ιῧρα
1082 1948 1153 2000 οὖν
1183 1957 1540 2001 κατακλίνεσθαι.

277 2044 362 2071 κατ
398 2027 755 2071 κατακλιθέντων
789 2059 792 2062 -
799 2021 936 2081 ῃαλλὰ
975 2024 1085 2087 μήν“
1132 2022 1155 2070 5
1189 2024 1518 2085 Πλούταργος’
1500 2028 1594 2088 ἔφη,
1631 2023 1798 2081 ,,κατὰ

158 2093 253 2143 τὸν
282 2094 558 2142 Φλιάσιον
588 2115 831 2157 ποιηττν
864 2097 1169 2157 Πρατίναν;

279 2162 359 2224 ,,οὗ
389 2169 468 2228 γᾶν
498 2162 815 2225 αὐλακισμέναν
845 2164 970 2227 αρῶν,
1004 2162 1096 2213 αλλ’
1129 2185 1330 2229 ασκαφον
1354 2166 1589 2226 ματεί·ων,“
1622 2171 1796 2229 κυλικη-

160 2235 352 2300 γορήσων
385 2239 561 2297 ἔρχομαι
591 2275 599 2284 .
635 2276 645 2284 .
680 2275 688 2283 .
724 2248 763 2284 .“

278 2313 402 2358 Unde
423 2313 679 2358 Athenaeus
713 2314 831 2358 hunc
864 2315 1008 2359 locum
1045 2317 1298 2371 sumsperst,
1331 2314 1538 2370 indagare
1571 2318 1687 2359 certo
1706 2327 1794 2359 non

157 2396 419 2441 possumus.
496 2384 583 2430 Sed
617 2385 895 2429 Plutarchum
950 2385 1033 2430 hoc
1066 2385 1264 2430 Pratinae
1316 2385 1433 2429 dicto
1481 2389 1529 2429 ut
1576 2388 1794 2429 sententia

159 2458 354 2501 utentem
395 2455 502 2500 facit
533 2455 800 2501 Athenaeus.
865 2455 1068 2501 Fortasse
1110 2456 1347 2502 credideris
1389 2457 1472 2500 hoc
1517 2459 1793 2500 enuntiatum

156 2538 184 2571 a
215 2524 388 2572 Pratina
419 2526 574 2572 fictum
604 2529 851 2572 sententiae
883 2528 1027 2572 locum
1053 2529 1138 2571 iam
1162 2527 1330 2572 dudum
1354 2527 1471 2584 apud
1495 2529 1614 2571 viros
1637 2527 1793 2572 doctos

155 2596 422 2644 obtinuisse.
490 2597 546 2643 At
586 2611 684 2643 mea
725 2599 904 2655 quidem
951 2600 1170 2644 sententia
1211 2598 1478 2651 Athenaeus,
1534 2601 1580 2642 ut
1627 2597 1791 2641 Plutar-

137 2667 292 2712 ‘chum
325 2668 551 2714 induceret
571 2669 770 2713 doctrina
793 2670 1049 2723 elucentem,
1083 2671 1213 2714 etiam
1245 2670 1361 2713 hunc
1394 2669 1536 2712 locum
1571 2682 1622 2712 ex
1656 2669 1794 2712 lexico

155 2738 306 2796 aliquo
336 2741 625 2796 grammatico
658 2743 911 2796 sumpsisse
943 2741 1126 2784 videtur.

43 2917 46 2926 ·
84 2943 90 2946 ‚
253 2903 279 2946 ¹)
317 2902 372 2940 cf.
416 2903 663 2949 Rudolph,
707 2905 770 2940 Die
809 2904 961 2946 Quellen
1006 2905 1080 2940 und
1121 2904 1418 2940 Schriftstellerei
1463 2905 1528 2940 des
1565 2903 1789 2940 Athenaeus.

41 2984 49 2995 a
154 2959 372 3007 Philologus
400 2961 528 3006 Suppl.
554 2962 598 2998 Vl
625 2963 750 3008 (1891)
777 2974 811 3008 p.
840 2963 1038 3006 109—162,
1066 2964 1247 3007 imprimis
1288 2974 1322 3007 p.
1351 2965 1429 2999 156.
