1994 3236
1006 234 1249 276 ,38-

296 348 351 391 ad
387 348 629 404 Dionysum
666 350 808 403 ipsum
845 362 892 391 se
926 352 1148 401 convertit,
1187 353 1257 405 qui
1293 356 1360 394 est
1393 365 1595 398 summus
1629 354 1921 398 saltationumz

297 419 517 462 dominus.
587 419 677 462 l‘loc
728 419 838 462 clare
883 419 1156 463 demonstrat
1195 422 1412 465 invocatio
1459 417 1921 479 θριαμβοδιθύραμβε..

297 489 330 532 Α
365 490 447 533 deo
481 491 598 543 petit,
631 493 677 532 ut
710 490 887 532 chorum
914 490 940 532 ll
976 490 1188 545 neglegat,
1221 503 1346 534 suam
1381 493 1657 538 saltationem
1681 494 1926 538 clementer·

298 560 526 614 adspiciat.
579 557 765 602 Chorum
801 559 812 602 l
847 560 899 603 de
933 573 980 603 se
1014 562 1111 615 ipso
1145 561 1214 604 his
1238 562 1440 607 versibus
1474 564 1614 608 dicere
1646 577 1668 608 e
1701 577 1806 608 voce
1837 555 1921 605 ἅδε

298 634 338 672 et
371 643 392 672 e
426 643 554 672 versu
590 629 642 672 17
675 620 819 683 (ἄκουε
849 623 926 670 τὰν
958 624 1087 682 ἐμὰν
1119 663 1127 671 .
1163 663 1170 671 .
1207 664 1214 671 .
1247 629 1429 687 χορείαν)
1463 634 1690 678 concludo,

414 699 467 742 At
501 700 603 755 quid
636 699 719 742 sibi
745 700 879 743 velint
900 700 1030 744 Verba
1063 693 1139 741 ἅδε
1171 715 1237 742 σοι
1275 700 1417 753 δεξιᾶς
1438 701 1509 743 καὶ
1535 697 1672 754 ποδὸς
1703 699 1921 761 ὄιαῤῥιφά

297 772 561 825 quaerimus.

413 840 635 883 Traditum
670 844 737 884 est
769 835 898 891 δεξιά,
942 855 1071 897 quam
1115 843 1342 887 lectionem
1379 844 1527 900 Bergk,
1559 845 1722 898 Kaibel‚
1759 846 1924 890 Hister--

297 909 477 954 Crusius
523 915 787 965 receperunt.
862 911 1017 955 Nescio
1066 926 1152 967 quo
1201 914 1332 957 modo
1381 915 1422 957 hi
1471 929 1508 959 v.
1553 916 1592 960 d.
1640 915 1782 959 locum
1831 916 1918 959 hac

296 983 462 1024 ratione
506 983 715 1036 scriptum
761 983 1023 1036 interpretati
1068 985 1168 1026 sint.
1234 983 1340 1026 Nam
1374 997 1525 1028 vocem
1558 982 1633 1026 καί
1663 986 1746 1030 hoc
1775 982 1920 1030 modo

296 1052 496 1107 explicari
532 1064 618 1094 non
662 1064 795 1106 posse
837 1052 1038 1107 equidem
1072 1056 1189 1107 puto.
1254 1054 1398 1109 ltaque
1440 1055 1569 1098 aliam
1611 1057 1726 1099 viam
1769 1058 1920 1111 ingre——

295 1123 405 1174 diar,
453 1135 537 1177 qua
586 1121 846 1176 Bamberger
892 1124 1059 1176 primus
1108 1136 1217 1166 usus
1266 1127 1349 1176 est,
1403 1137 1530 1180 quem
1585 1129 1752 1180 praeter
1799 1127 1921 1170 alios.

296 1193 446 1235 Girard
502 1196 680 1235 secutus
733 1195 811 1236 est.
889 1192 1036 1235 Bamb.
1097 1196 1279 1237 mutavit
1327 1189 1444 1245 δεξιά
1490 1197 1532 1238 in
1581 1193 1733 1246 δεξιᾶς.
1817 1195 1920 1247 Qua.

295 1264 523 1306 lenissima
565 1262 871 1306 emendatione
912 1262 1150 1307 difficultas
1196 1267 1342 1307 statim
1386 1265 1580 1310 solvitur.
1642 1266 1748 1310 Nam
1795 1279 1921 1310 nunc<

294 1325 370 1373 ἅδε
401 1331 543 1383 δεξιᾶς
574 1331 647 1372 καὶ
679 1326 819 1381 ποδὸς
850 1327 1057 1389 διαῤῥιφά
1090 1334 1311 1389 significat
1337 1335 1469 1388 „haec
1492 1336 1692 1380 dexterae
1721 1340 1762 1380 et
1784 1337 1921 1392 pedis-

294 1403 377 1457 (vel
412 1402 590 1458 pedum)
624 1403 866 1446 disiectio“.
920 1403 1039 1453 Quae
1073 1407 1289 1447 sententia
1322 1405 1422 1448 huic
1455 1406 1550 1450 loco
1578 1410 1645 1450 est
1667 1408 1911 1461 aptissima.

296 1474 424 1517 Poeta
466 1474 645 1517 chorum
687 1473 697 1516 l
744 1486 859 1516 nunc
903 1473 1079 1517 demum
1126 1487 1251 1518 suam
1299 1476 1574 1520 saltationem
1621 1475 1918 1531 proferentem.

297 1544 441 1598 fingit,
490 1556 600 1599 quae
642 1556 730 1587 non
770 1544 912 1587 solum
948 1557 970 1586 e
1003 1545 1162 1599 pedum
1198 1545 1391 1589 motibus
1430 1550 1621 1600 constat,
1669 1547 1745 1590 sed
1779 1548 1918 1590 etiam

295 1627 317 1657 e
341 1614 639 1658 bracchiorum
663 1614 1090 1668 gesticulationibus.
1138 1615 1275 1658 Maur.
1295 1616 1548 1661 Emmanuel
1581 1619 1920 1661 accuratissime:

294 1685 470 1728 duobus
524 1684 645 1727 libris
711 1686 752 1727 in
807 1684 1068 1728 Graecorum
1133 1685 1408 1730 saltationem
1463 1689 1712 1742 inquisivit;
1774 1687 1917 1730 multa.

294 1755 491 1810 exempla
526 1755 641 1798 illius
676 1755 924 1798 saltationis
957 1755 1142 1810 collegit.
1206 1756 1248 1798 ln
1289 1757 1423 1800 altero
1462 1756 1572 1800 libro
1587 1757 1620 1811 1)
1662 1757 1918 1813 complures-

293 1828 486 1868 veterum
537 1827 795 1879 scriptorum
851 1825 971 1868 locos
1014 1828 1280 1880 composuit,
1330 1828 1402 1882 qui
1446 1826 1550 1870 illud
1593 1827 1917 1879 demonstrant,.

294 1908 477 1951 quorum
513 1895 723 1939 nonnulla
755 1895 957 1939 afferam:

410 1959 572 2020 θύρσον
593 1960 727 2021 αἴρειν
749 1962 792 2005 ἕν
813 1963 932 2021 δεξιᾷ
952 1964 1026 2006 καὶ
1048 1958 1139 2019 ἅμα
1159 1963 1286 2021 δεξιῷ
1307 1963 1416 2007 ποδί
1437 1968 1595 2023 (Eurlp.
1618 1967 1769 2012 Bacch.
1791 1967 1915 2023 943).

410 2027 495 2076 ἅνω
527 2034 598 2076 καὶ
635 2033 780 2090 ἔνερθε
810 2038 929 2091 χεῖρα
958 2030 1173 2078 τινάσσειν
1222 2036 1434 2091 (Nonnus,
1479 2038 1656 2094 Dionys.
1694 2039 1762 2092 19,
1794 2038 1916 2093 107).>

408 2108 551 2162 χεῖρας
584 2103 782 2157 ἑλελίζειν
812 2098 1034 2159 ἄμοιβάδα
1068 2107 1225 2161 (Nonn.
1259 2108 1381 2152 Dion.
1413 2108 1480 2161 46,
1513 2108 1627 2161 119.)

412 2177 526 2220 ldem
560 2179 624 2220 vir
657 2177 695 2220 d.
740 2179 781 2220 in
815 2177 949 2220 altero
983 2177 1131 2230 libr02')
1176 2190 1273 2220 cum
1317 2178 1499 2221 aliorum
1541 2178 1769 2222 hominum
1813 2182 1912 2222 turm

293 2251 537 2302 satyrorum
561 2246 727 2301 figuras
752 2246 881 2290 nobis
901 2251 1096 2290 servatas
1117 2247 1324 2302 depinxit,
1347 2260 1457 2302 quae
1476 2248 1663 2291 saltandi
1683 2250 1917 2301 rationem,

412 2385 437 2427 ¹)
473 2385 669 2421 Mauritius
707 2386 938 2428 Emmanuel,
991 2387 1039 2421 De
1083 2386 1309 2420 saltationis
1346 2387 1540 2431 disciplina
1591 2387 1689 2431 apud
1731 2387 1914 2423 Graecos-

293 2442 440 2477 Parisiis
468 2445 569 2479 1895.
620 2455 704 2488 pars
733 2445 769 2486 ΙΙ,
799 2445 846 2479 De
875 2445 1057 2488 motibus;
1100 2443 1185 2486 Vlll,
1225 2444 1482 2480 Bracchiorum
1511 2456 1757 2489 manuumque
1783 2449 1906 2491 φοραί.

292 2499 345 2535 Cf.
373 2501 491 2537 llerm.
522 2502 735 2544 Buchholtz,
763 2503 825 2537 Die
853 2503 1066 2537 Tanzkunst
1093 2503 1154 2536 des
1179 2502 1379 2546 Euripides.
1416 2503 1497 2546 Lpz.
1517 2504 1615 2538 1871.
1642 2503 1680 2545 ll,
1707 2506 1738 2538 1.
1777 2504 1905 2539 flande

292 2560 367 2593 und
394 2559 516 2594 Fiisse.
568 2571 602 2604 p.
630 2562 716 2595 14-
724 2562 779 2595 27.

411 2621 437 2656 ⁸²)
464 2619 627 2654 Maurice
654 2619 879 2662 Emmanuel,
920 2619 1022 2654 Essai
1063 2630 1124 2653 sur
1160 2618 1428 2663 lOrchestique
1460 2619 1635 2664 Grecque,
1676 2620 1775 2656 Paris
1803 2621 1914 2656 1895..

293 2677 327 2710 Ρ.
354 2677 422 2711 302
449 2677 661 2713 Emmanuel
690 2678 731 2712 de
761 2679 912 2722 Dionysi
943 2677 1206 2712 saltationibus
1234 2678 1342 2712 dicit:
1847 2670 1852 2676 Χ

411 2735 496 2778 „Les
536 2736 714 2771 danseurs
754 2737 872 2780 pleins
913 2736 1226 2771 d'enthousiasme
1260 2738 1319 2780 qui
1360 2737 1533 2781 s'agitent
1565 2735 1609 2772 en
1641 2738 1834 2773 l’honneur
1860 2738 1912 2772 de·

293 2793 401 2835 Rhea,
437 2794 479 2828 de
514 2795 783 2838 Dionysos,
820 2795 863 2830 de
890 2795 1049 2838 Zagreus
1077 2805 1123 2829 ou
1152 2795 1293 2838 d'Atys‚
1330 2796 1476 2838 puisent
1512 2806 1557 2830 au
1592 2796 1703 2831 fonds
1731 2806 1905 2831 commun

291 2852 355 2886 des
383 2857 640 2887 mouvements
674 2857 710 2888 et
749 2854 811 2888 des
847 2858 971 2897 gestes
1009 2854 1051 2888 de
1086 2853 1345 2897 l’orchestique
1381 2864 1551 2898 grecque,
1590 2856 1682 2890 mais
1709 2854 1801 2889 dans
1827 2854 1914 2889 leur

291 2910 401 2945 delire
435 2911 630 2955 liturgique
669 2913 711 2946 ils
748 2913 799 2947 les
826 2912 1033 2955 amplifient
1063 2912 1186 2956 jusqu’
1213 2914 1232 2946 a
1260 2913 1312 2947 les
1345 2913 1552 2955 denaturer,
1586 2917 1621 2948 et
1654 2913 1698 2948 ils
1731 2917 1823 2948 vont
1857 2923 1911 2947 au.

291 2968 370 3002 dela
400 2969 445 3003 du
473 2976 690 3013 grotesque:
718 2971 762 3004 ils
789 2972 957 3005 tombent
985 2971 1077 3005 dans
1106 2971 1148 3004 de
1177 2971 1374 3005 veritables
1402 2972 1548 3006 crises.“
1599 2971 1680 3015 (fig.
1705 2972 1800 3012 579)
