1994 3236
939 227 987 230 m
1053 203 1109 244 54
1181 227 1221 230 -,

393 315 567 360 Necnon
602 317 686 360 alia
720 318 787 361 hic
821 319 943 362 locus
977 319 1259 363 demonstrat.
1305 319 1521 374 Scriptum
1564 325 1631 365 est
1669 323 1785 376 apud
1819 322 1894 367 Ps-

274 387 397 430 l'lut.:
430 387 643 430 Telesiam
667 387 921 432 Thebanum
947 390 1156 434 didicisse
1189 388 1261 430 καὶ
1294 384 1346 430 τὰ
1382 385 1599 445 Πινδάρου
1629 385 1682 432 τά
1704 406 1748 433 τε
1779 394 1890 434 Διο-

276 453 417 497 ιὐσίου
462 454 532 497 τοῦ
569 454 760 512 Θηβαίου
800 457 871 499 καὶ
912 454 963 499 τὰ
996 455 1225 514 Λάμπρου
1265 460 1337 501 καὶ
1373 456 1422 501 [ὰ
1456 458 1672 516 Πρατίνου
1702 461 1775 503 καὶ
1806 460 1897 504 τῶν

273 525 456 577 λοιπῶν,
506 520 597 569 ὅσοι
648 527 730 568 τῶν
775 527 954 584 λυρικῶν
999 520 1144 584 ἄνδρες
1191 528 1382 585 ἐγένοντο
1423 530 1601 587 ποιηταὶ
1643 526 1894 587 κρουμάτων

272 588 450 652 ἀγαθοί.
1507 594 1509 598 ’

393 691 488 742 Quo
521 707 571 737 ex
606 694 700 737 loco
734 694 844 737 clare
877 698 1055 748 apparet
1075 695 1288 738 Pratinam
1323 696 1580 739 clarissimis
1614 698 1756 750 poetis
1790 697 1897 752 lyri-

274 764 336 806 cis
392 763 726 807 adnumeratum
780 777 891 808 esse.
971 765 1259 808 Nominantur
1311 770 1454 809 autem
1510 766 1706 810 Pratinae
1757 777 1893 822 opera

275 834 405 888 lyrica
438 827 491 874 τὰ
526 831 752 887 Πρατίνου,
796 848 907 890 quae
949 839 1272 888 componuntur
1313 849 1408 879 cum
1449 836 1570 880 libris
1612 837 1757 892 lyricis
1790 837 1895 881 Pin-

274 903 388 956 dari;
437 904 595 947 deinde
637 909 833 948 narratur
872 905 1085 948 Telesiam
1119 905 1373 949 Thebanum
1419 908 1617 950 iuvenem
1652 907 1758 951 haec
1790 907 1895 951 Pra-

274 976 392 1016 tinae
425 976 615 1017 carmina
649 974 868 1018 didicisse.
918 975 1063 1030 ltaque
1096 975 1352 1019 concludere
1385 976 1482 1020 licet
1514 978 1754 1021 carminum
1788 977 1893 1033 lyri-

274 1056 421 1087 corum
457 1044 653 1087 Pratinae
699 1048 763 1088 tot
809 1045 962 1097 fuisse,
1015 1050 1060 1088 ut
1108 1046 1331 1089 nonnullis
1381 1046 1502 1090 libris
1549 1047 1616 1091 vel
1657 1046 1768 1091 libro
1800 1060 1895 1091 uno-

274 1114 522 1167 ederentur;
570 1116 642 1170 qui
678 1114 772 1158 iibri
808 1118 850 1158 in
884 1115 1032 1158 liberis
1065 1115 1305 1159 educandis
1339 1120 1492 1172 quarto
1526 1117 1680 1161 saltem
1714 1117 1896 1162 saeculo
1936 1107 1938 1109 ¹

273 1184 606 1228 adhibebantur.

391 1278 576 1329 Quando
611 1279 806 1322 Pratinae
840 1282 1030 1322 carmina
1065 1282 1250 1334 primum
1285 1280 1400 1323 edita
1433 1283 1522 1324 sint
1554 1283 1791 1326 nescimus.
1846 1282 1893 1326 ld

274 1353 476 1392 constare
509 1349 679 1392 videtur
713 1351 895 1403 primam
930 1361 1109 1404 operum
1144 1350 1340 1394 Pratinae
1373 1350 1608 1395 editionem
1633 1354 1716 1395 iam
1739 1353 1895 1396 multis

275 1421 405 1462 annis
447 1423 547 1463 ante
580 1419 901 1471 Aristoxenum,
942 1422 1014 1475 qui
1060 1420 1129 1463 illa
1163 1420 1300 1473 refert,
1352 1420 1511 1464 factam
1544 1434 1655 1474 esse,
1699 1421 1895 1466 fortasse

273 1503 297 1532 a
332 1490 501 1533 Pratina
536 1492 645 1544 ipso.

394 1584 587 1640 Denique
636 1585 717 1628 hoc
765 1586 859 1628 loco
892 1585 1228 1638 demonstratur,
1276 1586 1391 1640 quod
1432 1587 1517 1628 iam
1551 1598 1602 1629 ex
1629 1587 1753 1640 ,ipsis
1793 1589 1894 1630 eius

273 1655 532 1710 fragmentis
585 1655 841 1707 didicimus,
893 1655 1107 1698 Pratinam
1168 1656 1411 1709 simplicem
1465 1658 1614 1709 poesis
1675 1658 1892 1701 rationem

273 1738 461 1778 amasse,
504 1738 692 1781 namque
726 1725 1012 1769 Aristoxenus
1046 1725 1261 1768 Pratinam
1296 1727 1437 1779 poetis
1470 1729 1664 1780 apponit,
1703 1729 1777 1783 qui
1809 1734 1894 1771 an÷

275 1797 442 1851 tiquam
477 1795 718 1850 simplicem
754 1797 965 1839 rationem
1000 1795 1198 1839 melicam
1233 1797 1369 1839 secuti
1404 1799 1520 1849 sunt,
1557 1796 1754 1850 Pindaro,
1787 1797 1894 1841 Dio-

274 1868 415 1921 nysio,
451 1866 644 1920 Lampro‚
691 1867 808 1920 aliis;
856 1879 1040 1922 quorum
1075 1866 1219 1909 modis
1253 1868 1437 1920 opponit
1467 1866 1683 1911 Timothei
1715 1870 1758 1911 et
1789 1867 1891 1911 Phi-

275 1937 417 1980 loxeni
453 1949 610 1980 novam
645 1936 1021 1992 dithyramborum
1057 1938 1239 1990 poesim.
1299 1936 1501 1980 Narratur
1531 1936 1744 1981 Telesiam
1775 1937 1895 1982 The-

273 2008 450 2060 banum,
482 2007 727 2050 Aristoxeni
753 2007 991 2062 aequalem,
1024 2006 1077 2050 de
1110 2020 1196 2062 quo
1228 2006 1404 2050 aliunde
1436 2019 1524 2051 non
1551 2006 1769 2060 docemur,
1791 2020 1888 2052 eru-

273 2078 412 2120 ditum
459 2091 559 2121 esse
601 2079 722 2132 poesi
767 2077 950 2130 Pindari,
1003 2081 1330 2133 ceterorumque
1372 2081 1595 2131 poetarum
1637 2078 1894 2138 allatorum;

274 2152 429 2202 postea
471 2148 646 2191 demum
682 2145 884 2204 ποικίλην
913 2141 1120 2203 μουσικὴν
1179 2147 1394 2191 Timothei
1428 2151 1470 2191 et
1501 2147 1723 2192 Philoxeni
1766 2147 1891 2192 illum

274 2221 534 2271 exercuisse,
567 2218 644 2262 sed
678 2212 735 2273 μὴ
768 2212 983 2258 δύνασθαι
1015 2216 1256 2271 κατορθοῦν
1295 2219 1337 2260 ἰη
1371 2218 1453 2261 hoe
1473 2230 1642 2273 genere.
1695 2215 1888 2275 γεγενῆσ-

279 2291 358 2329 θαι
392 2280 429 2329 δ’
463 2284 605 2329 αἰτίαν
636 2282 709 2344 ’τὴν
740 2285 788 2328 ἐκ
820 2281 981 2336 παιδὸς
1011 2284 1237 2343 καλλίστην
1268 2279 1445 2344 ἀγωγήν.

388 2383 427 2426 4.
460 2383 526 2425 Ps.
560 2382 664 2425 Plut.
697 2394 786 2437 cap.
822 2382 926 2425 LXll.
975 2381 1189 2424 Pratinam
1215 2383 1256 2424 in
1281 2383 1470 2425 carmine
1503 2381 1692 2437 quodam
1720 2381 1894 2427 dixisse

273 2465 480 2508 docemur
522 2464 887 2508 Lacedaemonios
937 2463 1159 2507 Thaletam
1203 2462 1415 2506 Creticum
1458 2465 1756 2517 arcessivisse,
1787 2477 1890 2508 cum

275 2535 568 2578 Lacedaemon
594 2535 839 2589 pestilentia
864 2537 1139 2592 premeretur,
1162 2537 1207 2576 ut
1240 2537 1329 2576 arte
1363 2536 1529 2577 musica
1551 2533 1747 2578 adhibita
1770 2547 1891 2579 mor-

273 2605 375 2648 bum
410 2618 461 2648 ex
494 2604 599 2647 urbe
632 2607 829 2660 exigeret.

390 2687 505 2730 llaec
539 2691 653 2739 sunt,
687 2700 797 2742 quae
829 2700 851 2730 e
883 2688 1151 2730 testimoniis
1183 2687 1298 2742 apud
1326 2686 1690 2730 Ps.-Plutarchum
1713 2687 1891 2730 traditis

273 2757 530 2800 concludere
565 2758 673 2800 licet.
722 2757 841 2807 Quae
874 2770 971 2801 cum
1006 2759 1132 2800 sicuti
1165 2757 1408 2812 fragmenta
1441 2757 1494 2800 ad
1529 2759 1722 2801 musicae
1746 2756 1891 2801 histo-

274 2829 380 2870 riam
414 2831 622 2882 spectent,
655 2840 677 2870 e
710 2827 906 2870 Pratinae
940 2827 1206 2870 carminibus
1239 2826 1293 2870 ab
1316 2826 1540 2870 Heraclide
1561 2830 1605 2870 et
1626 2825 1891 2871 Aristoxeno

273 2910 373 2941 esse
407 2901 581 2952 sumpta
615 2898 827 2940 videntur.
