1994 3236
905 219 1187 261 -88-

358 325 534 383 ἅπαις
566 333 661 389 (frg.
695 334 718 387 l,
753 334 811 387 7.)

358 404 506 460 Neque
539 406 581 448 in
616 407 736 460 epica
782 406 972 449 dictione
1014 419 1155 462 neque
1189 407 1287 451 aliis
1321 407 1551 462 lyricorum
1584 407 1692 452 locis
1739 407 1858 457 (Pin-

169 520 171 522 ,
241 475 346 519 daro
385 474 572 529 incluso)
612 479 754 518 exstat
798 475 879 519 hoc
923 476 1199 530 vocabulum,
1245 477 1362 532 quod
1395 477 1550 522 Aesch.
1591 481 1742 533 quater
1779 477 1856 521 ad-

242 545 383 589 hibuit
414 545 489 600 Ag.
522 544 624 599 754;
672 544 801 589 Choe.
844 547 980 595 10063
1029 547 1147 590 Eum.
1190 547 1324 600 1034;
1372 547 1486 591 PerS.
1517 548 1606 592 580
1644 545 1790 598 τοκέες
1818 539 1856 588 τ)

241 605 439 665 ἄπαιδες.
509 615 605 660 Vox
651 607 842 657 ἆπαιδία
890 619 1077 672 primum
1123 621 1265 661 exstat
1311 618 1426 673 apud
1471 618 1626 662 Herod.
1667 618 1733 671 Vl,
1770 618 1857 663 139

243 679 487 739 πιεζόμενοι
523 683 571 726 δὲ
604 684 717 741 λιμῷ
748 684 822 727 καὶ
854 678 1053 743 ἀπαιδίῃ.

358 759 646 823 ἀχόρευτος
677 768 771 823 (frg.
805 769 829 822 l,
862 769 920 824 8.)

359 839 474 882 Haec
515 851 600 882 vox
642 842 784 882 exstat
831 840 946 894 apud
993 839 1126 895 Soph.
1159 840 1251 884 Eur.
1286 840 1387 884 Plat.
1420 841 1529 896 legg.
1563 841 1604 894 ll,
1648 853 1687 896 p.
1718 840 1858 884 654A

243 909 555 964 nonnullisque
596 909 694 952 aliis
728 909 847 953 locis.
896 910 964 962 (cf.
998 922 1129 965 supra
1163 923 1200 965 p.
1233 911 1290 953 80
1325 905 1508 965 χορεύειν
1547 915 1589 955 et
1622 905 1860 967 χορεύματα

244 992 283 1034 p.
318 978 402 1035 78.)

360 1054 593 1116 Βρόμιος
624 1060 721 1116 (irg.
756 1061 780 1114 l,
813 1059 883 1117 11)
917 1061 967 1104 cf.
1001 1074 1132 1117 supra
1166 1074 1204 1117 p.
1237 1061 1304 1105 74.

361 1139 675 1199 ἐπίφθονος
706 1142 804 1199 (frg.
836 1143 861 1196 l,
893 1142 981 1196 10.)

362 1214 454 1257 Hoc
495 1213 757 1257 vocabulum
807 1214 962 1269 legitur
1003 1227 1090 1257 non
1134 1216 1176 1258 in
1220 1227 1422 1258 sermone
1463 1217 1587 1270 epico
1634 1227 1776 1271 neque
1817 1217 1859 1258 in

247 1284 418 1328 Pindari
467 1283 750 1327 carminibuS.
813 1283 938 1339 Apud
988 1284 1142 1328 Aesch.
1192 1288 1343 1340 quater
1389 1287 1574 1329 occurrIt
1619 1284 1713 1341 (Ag.
1755 1285 1862 1339 135;

202 1352 209 1357 ”
244 1354 319 1410 Ag.
352 1355 458 1408 9213
491 1354 610 1398 Eum.
642 1354 745 1408 376;
779 1353 929 1409 Suppl.
961 1354 1078 1409 201).
1131 1355 1287 1399 Herod.
1311 1355 1376 1409 lV,
1406 1356 1492 1401 205
1516 1350 1561 1396 αἱ
1582 1351 1675 1412 λίην
1693 1350 1861 1408 ἰσχυραί

245 1421 450 1480 τιμωρίαι
490 1417 602 1480 πρὸς
640 1421 758 1465 θεῶν
801 1420 1044 1480 ἐπίφθονοι
1086 1421 1285 1480 γίνονται.
1348 1425 1566 1481 Aristoph.
1607 1425 1741 1470 semel
1781 1425 1862 1470 hac

246 1507 353 1539 voce
386 1508 496 1539 usus
530 1498 597 1538 est
630 1494 733 1551 Equ.
765 1495 891 1538 1271.
1289 1482 1299 1491 ‘

363 1576 538 1630 κρέκω
570 1576 666 1632 (frg.
699 1577 765 1630 IV,
794 1577 851 1632 4.)

363 1648 551 1691 Primum
598 1647 704 1691 haec
748 1660 832 1691 vox
865 1660 975 1704 quae
1009 1648 1231 1704 significat
1267 1648 1413 1702 „radio
1443 1648 1642 1705 pulsare“
1678 1651 1863 1693 occurrit

244 1717 361 1773 apud
396 1717 557 1773 Sapph.
590 1718 647 1761 88
678 1711 852 1772 γλύκεια
881 1716 1024 1774 μᾶτερ,
1068 1709 1184 1759 οἷῗτοι
1215 1712 1397 1772 δύναμαι
1427 1715 1593 1774 κρέκειν
1626 1711 1700 1760 τὸν
1727 1712 1861 1760 ἴστον.

247 1788 455 1833 Similiter
476 1788 572 1831 Eur.
597 1788 654 1832 El.
687 1788 774 1832 542
797 1788 1017 1832 adhibuit:
1050 1784 1087 1830 εἰ
1119 1786 1168 1830 δὲ
1198 1779 1405 1844 κᾶκρεκον
1425 1786 1635 1838 πέπλους.
1666 1788 1862 1833 Telestes

247 1860 480 1914 improprie
513 1858 725 1913 adhibuit,
768 1861 840 1915 qui
875 1872 985 1903 usus
1024 1862 1202 1915 saepius
1236 1858 1466 1904 invenitur.
1528 1859 1600 1904 Ex.
1632 1872 1693 1915 gr.
1725 1858 1863 1904 affero

246 1929 464 1984 Aristoph.
488 1929 564 1973 AV.
589 1930 672 1973 771
699 1943 762 1986 sq.
795 1927 983 1986 συμμιγῆ
1003 1923 1107 1986 βοὴν
1138 1922 1245 1983 ὁμοῦ
1265 1931 1442 1986 πτεροῖς
1465 1927 1686 1986 κρέκοντες
1714 1923 1866 1982 ἴακχον

236 1991 458 2053 Ἀπόλλαη
492 1999 567 2043 Αν.
595 2000 678 2043 681
704 2013 819 2056 sqq.:
851 1992 951 2053 ἡδὺν
968 1993 1166 2057 φθόγγον
1198 1997 1295 2053 ἐμοὶ
1327 1991 1514 2057 φέρουσ).
1567 1990 1659 2051 ἆλλ,
1691 1988 1727 2042 ὦ
1757 1998 1863 2040 καλ-

244 2062 396 2122 λιβόαν
427 2061 621 2124 κρέκουσ’
654 2060 782 2111 αὐλὸν
812 2068 1067 2127 φθέγμασιν
1096 2061 1267 2126 ἦρινοῖς.

362 2145 602 2206 μάγαδις
633 2152 728 2208 (frg.
762 2153 819 2206 ΙΙΙ,
850 2153 907 2209 2.)

365 2223 406 2265 ln
458 2236 660 2267 sermone
708 2225 831 2278 epico
879 2236 967 2267 non
1015 2227 1157 2267 exstat
1201 2237 1343 2279 neque
1385 2223 1500 2278 apud
1543 2222 1665 2266 Pind.
1707 2221 1863 2266 Aesch.

246 2292 465 2348 Aristoph
527 2293 681 2336 Athen.
714 2306 753 2348 p
791 2293 877 2337 634
924 2292 967 2337 C.
1002 2307 1094 2349 sqq.
1141 2294 1316 2349 longius
1349 2294 1403 2338 de
1447 2294 1529 2337 hoc
1571 2295 1863 2337 instrumento

247 2363 456 2406 disseruit
501 2362 602 2418 περὶ
642 2361 717 2419 τῆς
745 2357 987 2418 μαγάδιδος
1028 2362 1299 2419 καλουμένης,
1348 2357 1531 2419 πότερον
1569 2353 1708 2404 αὗλῶν
1747 2355 1865 2412 εἶδος

246 2424 272 2488 ἢ
304 2429 482 2486 κίθαρίς
525 2431 664 2485 ἑστιν,·
709 2433 957 2488 complures
999 2433 1151 2477 Athen.
1196 2434 1322 2477 affert
1363 2436 1612 2489 scriptores,
1659 2434 1732 2488 qui
1781 2432 1863 2476 hoc

247 2503 510 2547 vocabulum
544 2507 876 2558 usurpaverunt.
938 2503 1090 2547 Anacr.
1121 2503 1200 2559 frg.
1232 2503 1289 2547 18
1331 2497 1487 2559 ψάλλω
1519 2496 1557 2544 δ’
1589 2497 1729 2544 εἴκοσι
1765 2517 1862 2557 χορ-

247 2572 368 2614 δαῖσι
398 2567 586 2628 μάγαδιν
618 2570 745 2626 Qum,-
792 2573 924 2629 Soph.
957 2574 1037 2630 frg.
1067 2574 1153 2617 217
1186 2572 1351 2629 πηκταὶ
1383 2570 1431 2614 δὲ
1460 2566 1584 2628 λύραι
1619 2569 1695 2614 καὶ
1724 2587 1863 2626 μαγα-

247 2639 375 2693 δίδες.
447 2644 506 2687 De
546 2644 700 2688 formis
740 2637 883 2698 μαγάς
929 2637 1124 2700 μαγάδης
1160 2637 1331 2700 μαγάδι]
1378 2643 1430 2687 cf.
1473 2643 1653 2697 Lobeck,
1700 2642 1863 2686 Pathol.

250 2713 343 2768 Lpz.
376 2713 501 2767 1843,
535 2727 574 2768 p.
606 2714 704 2757 351.

366 2791 568 2851 πηκτίς
599 2795 693 2850 (frg.
727 2795 792 2849 IV,
822 2795 878 2850 3.)

367 2866 556 2921 Longius
596 2865 748 2909 Athen.
788 2866 892 2918 XIV,
944 2879 982 2922 p.
1025 2866 1160 2910 635ss
1200 2879 1293 2922 sqq.
1341 2865 1394 2909 de
1442 2865 1524 2909 hoc
1571 2867 1863 2909 instrumento

250 2936 364 2988 dicit,
413 2936 658 2991 complures
708 2938 941 2991 scriptores
989 2936 1116 2980 affert
1162 2938 1234 2991 qui
1284 2936 1338 2979 de
1376 2937 1470 2979 eius
1512 2937 1678 2990 origine
1726 2935 1864 2989 scrip-
