1994 3236
847 201 1128 243 -21-

164 316 232 361 vel
265 318 535 361 testimoniis
570 330 657 360 non
692 322 883 373 apparet.
942 317 1127 361 fabulas
1163 322 1427 374 conscripsit
1461 315 1490 359 ν’
1526 323 1567 373 (ἰ.
1602 335 1635 364 e.
1671 324 1799 377 quin-

158 388 407 445 quaginta),
459 401 644 445 quarum
677 383 743 442 λῖθ’
779 389 821 443 (i.
855 401 888 432 e.
921 390 1098 444 triginta
1133 389 1263 443 duae)
1314 394 1435 433 erant
1468 391 1643 435 fabulae
1679 397 1799 447 saty-

162 461 288 513 ricae,
320 459 512 516 reliquae
545 460 886 515 (duodeviginti)
918 461 1184 515 tragoediae.
1204 460 1234 514 ¹)
1285 461 1422 505 Unius
1455 466 1626 505 tantum
1662 465 1799 506 victo-

161 531 251 575 riae
272 532 578 574 testimonium
604 530 832 574 habemus.
850 532 880 585 2)
914 530 1085 586 Olymp.
1109 525 1142 571 0'
1179 531 1221 585 (i.
1245 545 1279 575 e.
1300 545 1400 575 ann.
1423 533 1510 575 499
1522 533 1674 587 *496J
1700 547 1796 577 cum

158 598 381 658 Aeschylo
424 605 466 646 et
499 600 699 646 Choerilo
741 602 795 646 de
835 602 980 657 palma
1026 605 1217 646 certavit.
1233 604 1264 657 5)
1330 603 1382 646 Ut
1419 603 1621 659 Thespis,
1666 605 1798 661 Phry-

138 672 333 720 -nichus,
368 674 426 716 ita
460 672 658 716 Pratinas
692 673 880 717 saltandi
918 675 1128 729 magister
1158 674 1254 717 fuit.
1272 675 1305 728 4)
1366 675 1607 719 Pausanias
1642 682 1798 725 narrat,

157 743 362 788 Phliunte
395 757 443 788 se
475 743 663 788 Aristiae
694 743 774 788 filii
810 745 1056 799 Pratinaef')
1090 750 1427 789 monumentum
1463 747 1642 799 vidisse,
1698 760 1794 790 cum

154 814 214 859 de
257 814 429 859 Pratina
471 815 579 859 nihil
623 815 801 870 dicat.‘³)
874 815 967 866 Qua
1012 829 1064 859 ex
1106 829 1150 860 re
1192 817 1383 861 fortasse
1424 817 1610 861 Aristiae
1654 819 1796 862 domi-

43 894 50 906 ‘
81 879 83 881 ’
153 885 323 939 cilium,
355 898 623 943 quamquam
658 889 824 942 patrem
850 886 1045 931 Athenas
1080 887 1433 943 proficiscentem
1469 891 1705 933 comitatus
1730 894 1796 933 est

153 961 291 1014 atque
323 961 426 1013 post
458 959 595 1013 patris
630 962 814 1002 mortem
839 957 1024 1002 Athenis
1057 959 1232 1002 fabulas
1268 960 1400 1011 dedit,
1434 973 1508 1015 per
1540 964 1676 1004 totam
1707 961 1795 1004 fere
1873 979 1875 981 ·

156 1029 292 1072 vitam
318 1028 519 1073 Phliunte
550 1029 693 1073 fuisse
727 1031 942 1085 suspicari
976 1030 1085 1074 licet.
1147 1030 1311 1074 Tamen
1347 1031 1426 1074 hac
1460 1045 1510 1075 ex
1545 1045 1587 1075 re
1622 1032 1795 1076 efficere

153 1112 246 1144 non
281 1112 537 1156 possumus,
587 1104 733 1144 utrum
767 1101 965 1145 Patrinas
999 1101 1184 1146 Athenis
1229 1115 1284 1145 an
1333 1105 1375 1146 in
1419 1103 1524 1146 urbe
1567 1106 1704 1158 patria
1738 1117 1792 1147 an

155 1171 261 1215 alibi
311 1175 512 1215 mortuus
555 1173 633 1225 sit;
682 1174 784 1216 item
829 1174 1067 1226 nescimus,
1116 1174 1295 1229 quando
1339 1178 1466 1229 poeta
1510 1175 1563 1218 de
1597 1177 1683 1218 vita
1718 1175 1793 1218 de-

156 1244 354 1287 cesserit.
408 1241 595 1287 Aristias
629 1256 727 1287 cum
762 1243 923 1300 olymp.
959 1237 1019 1300 οι]
1056 1243 1096 1301 (i.
1131 1258 1164 1288 e.
1197 1258 1296 1288 ann.
1321 1245 1407 1289 468
1428 1246 1572 1297 —464)
1608 1246 1791 1290 Athenis

153 1325 257 1358 cum
306 1313 526 1371 Aeschylo
574 1318 616 1358 et
658 1314 1034 1371 Polyphrasmone
1078 1320 1280 1366 certaret,
1330 1317 1574 1360 secundum
1626 1320 1793 1373 accepit

151 1384 474 1441 praemiumss),
522 1385 596 1430 lllo
642 1389 840 1442 tempore
874 1387 1092 1430 Pratinam
1143 1389 1227 1430 iam
1279 1392 1499 1431 mortuum
1547 1402 1646 1433 esse
1680 1392 1792 1432 veri-

151 1456 301 1501 simile
333 1459 414 1500 est.

568 1588 614 1633 B.
662 1588 735 1633 De
767 1588 993 1634 Pratinae
1026 1589 1348 1634 carminibus,

497 1696 539 1752 a)
589 1696 664 1741 De
706 1698 1114 1742 carminibus
1165 1698 1413 1754 lyricis.

271 1778 359 1822 lam
398 1771 600 1823 dicamus
642 1784 927 1824 necesse'est
959 1780 1013 1824 de
1047 1781 1245 1825 Pratinae
1278 1785 1369 1825 arte
1403 1783 1585 1837 poetica.
1648 1781 1788 1837 Atque

147 1842 295 1907 primo
327 1850 424 1895 loco
456 1850 680 1907 disputem
715 1851 769 1894 de
796 1851 968 1895 Pratina
1002 1855 1131 1907 poeta
1166 1852 1311 1908 lyrico,
1345 1852 1504 1896 deinde
1538 1853 1591 1896 de
1625 1852 1787 1896 fabulis

150 1922 248 1966 eius
282 1923 498 1978 satyricis,
529 1924 657 1966 tertio
690 1923 786 1966 loco
819 1922 874 1966 de
905 1923 1158 1978 tragoediis.
1204 1923 1296 1967 Hoc
1329 1925 1439 1967 satis
1474 1925 1630 1967 mirum
1666 1923 1788 1967 vide-

148 1995 232 2046 tur,
263 1992 382 2049 quod
416 1996 645 2049 poetarum
670 1992 934 2037 Graecorum
970 1993 1141 2037 illorum
1168 1997 1414 2049 temporum
1440 1994 1637 2038 Pratinas
1663 1995 1786 2038 solus

146 2061 240 2108 fere
287 2063 444 2108 horum
485 2066 616 2108 trium
660 2066 811 2120 poesis
850 2077 1060 2120 generum
1096 2066 1288 2108 carmina
1321 2065 1462 2108 finxit.
1528 2065 1621 2115 Qua
1656 2066 1709 2109 de
1743 2078 1786 2109 re

147 2134 364 2178 nonnulla
397 2137 688 2191 praemittam.

269 2205 498 2250 Poetarum
533 2207 788 2251 melicorum
823 2207 1295 2264 duodequinquaginta
1329 2221 1353 2251 a
1377 2208 1611 2252 Theodoro
1647 2208 1785 2263 Bergk

145 2276 431 2322 collectorum
479 2281 688 2334 quattuor
732 2281 903 2322 tantum
956 2280 997 2321 in
1040 2278 1227 2334 Augusti
1279 2278 1428 2322 Nauck
1473 2282 1581 2334 trag.
1637 2278 1784 2322 Graec.

144 2346 302 2404 fragm.
334 2352 586 2393 occurrunt:
619 2348 885 2403 Simonides,
920 2349 1130 2403 Pratinas‚
1164 2350 1453 2406 Phrynichus,
1487 2350 1707 2407 Polyidus.

268 2478 295 2523 ¹)
321 2478 423 2518 Suid.
450 2489 478 2516 s,
508 2490 542 2514 v.
570 2483 763 2525 Πρατίνας,
791 2480 837 2515 cf.
866 2481 899 2516 h.
927 2491 1060 2516 comm.
1089 2490 1122 2524 p.
1152 2481 1206 2515 14.

266 2539 292 2580 ²)
319 2537 420 2574 Suid.
446 2549 476 2574 s.
505 2550 539 2574 v.
569 2543 761 2585 Πρατίνας,
789 2539 835 2575 cf.
864 2540 898 2575 h.
926 2550 1060 2575 comm.
1088 2550 1122 2584 p.
1152 2541 1227 2575 14.-

266 2598 294 2642 ³)
320 2596 424 2634 Suid.
451 2609 479 2634 s.
509 2609 542 2633 v.
571 2602 763 2644 Hprm'vm,
792 2599 838 2634 cf.
867 2605 901 2634 h.
928 2610 1062 2635 comm.
1090 2609 1123 2644 p.
1154 2600 1208 2634 14.

263 2658 292 2696 ⁴)
317 2655 449 2692 Athen.
477 2657 500 2700 l,
526 2667 562 2702 p.
588 2658 633 2693 22
648 2657 688 2701 A,
716 2657 763 2693 cf.
791 2658 824 2695 h.
852 2669 985 2694 comm.
1014 2669 1048 2703 p.
1077 2659 1131 2694 11.

265 2715 290 2758 ³)
318 2714 468 2760 Argum.
508 2716 640 2752 Aesch.
680 2718 779 2762 Sept.
820 2718 866 2754 cf.
904 2721 937 2752 h.
977 2729 1110 2754 comm.
1153 2729 1187 2763 p.
1229 2720 1283 2754 10.
1353 2718 1511 2754 Aristias
1550 2723 1629 2753 erat
1671 2723 1779 2762 poeta

50 2783 68 2789 “
140 2775 331 2820 tragicus;
357 2774 404 2810 cf.
436 2775 580 2811 Nauck:
616 2777 758 2822 fragm.
792 2782 885 2822 trag.
914 2777 1043 2813 Graec.
1097 2778 1180 2822 Lpz.
1208 2779 1340 2814 “1889.
1392 2788 1425 2822 p.
1460 2779 1530 2813 726
1562 2788 1642 2822 sqq.
1698 2777 1783 2812 Wil-

43 2867 74 2878 „
141 2833 254 2877 heim,
282 2833 481 2870 Urkunden
509 2835 530 2870 1.
558 2836 580 2870 l.
608 2846 642 2880 p.
658 2837 737 2871 103.
775 2837 814 2872 U.
834 2837 878 2872 de
894 2837 1151 2879 Wilamowitz,
1183 2837 1286 2873 Gott.
1313 2838 1382 2882 gel.
1403 2837 1493 2872 Anz.
1522 2838 1623 2872 1906.
1651 2847 1684 2881 p.
1701 2837 1781 2871 632.

264 2894 291 2936 ⁶)
320 2893 476 2930 Pausan.
505 2894 542 2937 ll,
570 2905 651 2940 cap.
678 2896 758 2932 136.
809 2895 855 2931 cf.
883 2896 917 2931 h.
945 2906 1079 2932 comm.
1107 2907 1141 2941 p.
1169 2897 1225 2932 20.

265 2955 291 2997 ⁷)
318 2953 403 2998 Arg.
432 2952 564 2990 Aesch.
592 2953 712 2999 Sept.;
740 2954 785 2991 cf.
814 2955 847 2990 h.
876 2966 1010 2991 comm.
1038 2965 1071 3000 p.
1102 2956 1154 2991 10.
