1994 3236
924 229 1206 272 —35-

258 345 340 385 ποῖ
383 341 642 397 ἐμβλέψασα
685 342 877 386 τοιοῦτον
917 339 1083 399 θράσος
1119 339 1222 401 αὐτὴ
1256 337 1437 397 ὁπλίζει.
1503 346 1649 402 Neque
1691 346 1878 402 simplex

262 415 442 459 verbum
475 412 628 468 βλέπω
661 417 703 459 ἰη
738 416 927 460 dictione
961 418 1080 471 epica
1114 415 1358 460 adhibitum
1393 421 1482 461 esi.>

380 493 542 551 θυρίς
572 497 668 553 (frg.
702 498 750 551 V,
782 497 837 552 1.)

378 567 470 611 Hoc
503 568 821 612 deminutivum
856 568 1055 612 vocabuli
1089 562 1204 622 θύρα
1235 572 1336 624 post
1372 569 1597 612 Praxillam
1630 569 1876 614 adhibitum

258 641 326 681 est
358 637 412 681 ab
446 637 666 694 Aristoph.
698 638 872 682 Thesm.
907 638 1016 688 797;
1062 639 1192 695 Vesp.
1224 639 1311 682 379
1352 630 1443 680 ἀλλ’
1487 632 1655 695 ἐξάψας
1691 632 1764 682 διὰ
1803 637 1880 697 τῆς

259 704 438 763 θυρίδος
473 702 523 749 τὸ
553 702 778 765 καλῴδιον.
843 708 901 752 Cf.
950 709 991 752 id
1026 709 1143 765 quod
1185 709 1289 753 dicit
1338 709 1445 753 Plut.
1479 710 1629 754 Moral.
1671 723 1711 766 p.
1742 710 1879 754 273ss

260 771 332 819 διὰ
377 775 421 819 τί
459 772 596 835 πύλην
630 775 734 831 μίαν
771 775 929 834 θυρίδα
968 777 1180 829 καλοῦσιν,
1222 773 1296 835 τὴν
1337 773 1414 835 γὰρ
1454 777 1712 836 φαινέστραν
1753 777 1879 822 τοῦτο

263 845 494 905 σημαίνειν.

384 928 640 988 σεληναίη
671 932 765 987 (frg.
800 932 841 983 ll,
872 931 928 986 2)

377 1002 491 1046 Idem
541 1002 623 1046 hoc
672 1015 830 1045 nomen
880 1002 1102 1058 significat
1148 1016 1197 1047 ac
1239 996 1398 1060 σελήνη.
1470 1003 1746 1067 Scripserunt
1795 1004 1878 1048 hoc

259 1072 521 1116 vocabulum
568 1072 743 1128 Emped.
786 1072 828 1126 B,
869 1073 938 1126 84,
974 1073 1001 1116 2
1049 1072 1196 1129 (Diels,
1238 1073 1607 1130 Vorsokratiker);
1655 1074 1877 1130 Aristoph.

261 1142 370 1186 Nub.
393 1142 497 1196 614;
531 1143 760 1199 lyricorum
800 1143 957 1198 Aesop.
989 1144 1016 1187 4
1048 1139 1266 1200 σεληναίης
1297 1137 1431 1186 κύκλα
1460 1142 1535 1186 καὶ
1563 1141 1718 1201 ἠελίου.
1766 1144 1879 1190 Raro

262 1215 491 1257 invenitur.
562 1212 621 1257 Cf.
675 1213 862 1266 Lobeck‚
914 1214 1242 1270 Paralipomena
1289 1228 1328 1270 p.
1382 1215 1466 1259 311
1501 1229 1576 1272 sq„
1632 1217 1705 1272 qui
1754 1215 1879 1260 dicit:

261 1280 459 1340 σεληναία
502 1296 604 1328 vero
647 1286 690 1328 in
730 1287 948 1328 sermonis
993 1286 1235 1340 quotidiani
1285 1287 1557 1330 commerciis
1605 1286 1880 1331 increbuisse

259 1355 439 1399 videtur.
502 1355 598 1398 Vox
630 1348 778 1412 σελήνη
810 1357 894 1398 iam
927 1356 1042 1411 apud
1074 1358 1222 1411 epicos
1246 1358 1442 1400 occurrit.
1477 1356 1518 1400 n.
1558 1357 1596 1398 Θ
1625 1356 1712 1400 555
1741 1347 1880 1411 ἄστρα

263 1419 438 1481 φαεινὴν
468 1415 584 1482 ἀμφὶ
616 1419 787 1482 σελήνην
819 1426 1046 1482 (saepius).

381 1509 563 1563 σίκυος
594 1513 689 1569 (frg
722 1514 763 1566 ll,
794 1513 850 1568 3.)

379 1583 548 1628 Praeter
588 1584 815 1627 Praxillam
865 1584 976 1628 hanc
1017 1597 1167 1629 vocem
1212 1542 1342 1629 habet
1374 1585 1592 1642 Aristoph.
1633 1586 1737 1630 Ach.
1770 1586 1880 1630 520:

261 1649 333 1696 κεί
373 1652 461 1696 ποῦ
506 1650 653 1696 σίκυον
691 1648 827 1696 ι’δοιεν
865 1670 890 1711 η
930 1648 1143 1711 λαγώδιον
1184 1687 1193 1696 .
1238 1687 1246 1696 .
1288 1688 1295 1696 .
1336 1688 1344 1696 .
1394 1656 1498 1700 Post
1538 1656 1877 1713 Aristophanem

262 1727 440 1780 saepius
474 1729 542 1769 est
565 1728 786 1780 usurpata.
834 1725 976 1770 Voces
1007 1726 1174 1770 similes
1198 1720 1338 1778 σικύα,
1371 1720 1575 1779 σικύδιον,
1609 1725 1741 1777 σίκυς,
1766 1740 1881 1784 quae

262 1796 377 1839 idem
418 1796 506 1839 fere
550 1795 803 1851 significant
850 1796 966 1852 quod
1009 1792 1167 1847 σίκυος,
1217 1810 1357 1853 neque
1398 1799 1440 1841 in
1485 1799 1608 1853 epico
1650 1810 1791 1854 neque
1834 1799 1878 1841 in

262 1868 394 1922 lyrico
429 1879 631 1910 sermone
664 1870 780 1910 sunt.

387 1945 649 2003 σκορπίος
681 1947 779 2004 (frg.
813 1948 897 2005 lV.)

380 2019 659 2063 Proverbium
698 2011 785 2060 ὖπὸ
827 2018 960 2060 παντὶ
999 2016 1116 2075 λίθῳ
1148 2017 1359 2075 σκορπίον
1397 2013 1612 2077 φυλάσσεο
1659 2020 1742 2064 hoc
1782 2020 1881 2064 loco

262 2092 450 2144 primum
503 2092 704 2140 occurrit,
762 2093 915 2144 postea
968 2092 1146 2146 saepius
1199 2091 1311 2134 hanc
1363 2093 1625 2135 sententiam
1678 2090 1880 2146 legimus.

261 2159 330 2215 (cf.
364 2173 404 2216 p.
437 2160 494 2204 86
526 2173 625 2204 ann.
657 2161 713 2214 1.)

380 2236 580 2299 ὦραῖος
611 2242 705 2298 (frg.
739 2243 780 2295 H,
811 2242 868 2298 3.)

382 2313 585 2357 Nondum
620 2317 686 2356 est
719 2317 928 2368 usurpata
962 2312 1067 2357 haec
1108 2326 1192 2358 vox
1234 2316 1276 2357 in
1318 2313 1585 2358 carminibus
1619 2313 1735 2357 hom.
1784 2311 1877 2368 (ubi

261 2376 390 2440 ὥριος
421 2384 605 2439 legitur),
654 2384 731 2428 sed
764 2383 864 2427 Hes.
898 2385 982 2427 iam
1015 2381 1098 2426 7³0ss
1130 2383 1341 2427 adhibuit.
1403 2384 1647 2428 Memoratu
1682 2386 1750 2428 est
1781 2383 1878 2440 dig-

439 2488 484 2524 cf.
505 2499 535 2523 c.
554 2487 648 2522 ὲνθα
674 2486 713 2522 δὲ
738 2485 889 2533 δένδρεα
912 2483 1031 2534 μακρὰ
1047 2485 1224 2533 πεφύκασι
1248 2484 1494 2530 τηλεθόωντα,
1521 2482 1685 2534 ὄγχναι
1707 2490 1767 2521 καὶ
1783 2487 1879 2533 ῥοιαὶ

544 2550 603 2581 καὶ
626 2542 796 2591 μηλέαι
822 2541 1064 2593 ἀγλαόκαρποι
1088 2545 1157 2581 Od.
1175 2558 1196 2589 η
1215 2547 1294 2581 114.
1344 2541 1514 2592 ὄγχνας
1536 2558 1598 2591 μοι
1623 2543 1738 2582 δῶκας
1759 2557 1878 2591 τρεισ-

542 2604 687 2640 καίδεκα
723 2608 782 2638 καὶ
819 2603 903 2640 δέκα
938 2602 1120 2650 μηλέας,
1172 2607 1332 2640 συκέας
1367 2599 1624 2650 τεσσαράκοντ’
1650 2603 1719 2640 Od.
1744 2617 1773 2638 ω
1795 2604 1877 2639 340.

544 2660 728 2711 ὅγχνηε
713 2659 776 2698 ε”π
810 2659 949 2711 ὄγχνῃ
987 2660 1166 2710 γηράσκει
1204 2661 1347 2708 μῆλον
1380 2657 1412 2697 δ’
1439 2665 1497 2698 ἐπὶ
1520 2659 1642 2708 μήλῳ
1679 2690 1686 2696 .
1714 2691 1721 2698 .
1749 2688 1756 2696 .
1782 2689 1789 2696 .
1821 2689 1828 2696 .

545 2721 683 2756 σῦκον
707 2718 739 2756 δ’
766 2725 840 2756 ε’πὶ
867 2719 988 2766 σύκῳ.
1024 2721 1092 2758 Od.
1095 2735 1146 2789 νη
1168 2723 1245 2759 121.

495 2775 590 2815 Pa&
618 2784 728 2815 παντὶ
753 2779 787 2814 λι
783 2780 850 2824 ’θῳ
875 2783 1055 2827 σκορπίον,
1083 2780 1112 2814 ὠ
1136 2776 1211 2814 ταῖ
1210 2794 1259 2827 ρε,
1286 2777 1467 2827 φυλάσσεο
1492 2780 1574 2824 (frg.
1601 2780 1670 2824 IV.)

429 2839 475 2874 cf.
495 2850 525 2874 c.
541 2834 610 2874 ὑπὸ
626 2843 736 2874 παντὶ
753 2838 786 2873 λι
783 2839 849 2883 'thy
867 2842 1041 2886 σκορπίος,
1060 2852 1090 2873 ω
1107 2839 1234 2886 ἑταῖρε,
1252 2834 1455 2875 ὑποδύεται.
1477 2838 1610 2875 Athen.
1626 2840 1681 2875 15.
1699 2848 1734 2883 p.
1748 2838 1818 2874 695
1836 2838 1877 2874 D.

441 2900 479 2932 ἐν
501 2901 614 2932 παντὶ
636 2895 705 2945 γάρ
728 2910 785 2932 τοι
812 2901 977 2944 σκορπίος
1000 2901 1148 2944 φρουρεῖ
1169 2896 1276 2941 λίθῳ.
1327 2898 1439 2942 Soph.
1465 2898 1535 2942 frg.
1560 2898 1607 2933 34
1630 2897 1797 2942 (Nauck).

442 2956 487 2991 cf.
514 2955 640 2992 Aelian
669 2956 712 2991 de
739 2956 811 2991 nat.
838 2958 948 2991 anim.
975 2956 1030 2999 15,
1056 2956 1112 2991 26.
1164 2956 1298 2993 Zenob.
1325 2958 1356 3000 6,
1383 2955 1439 2992 20.
