1994 3236
464 792 1162 865 Commentationis
1217 799 1720 885 conspectu&

279 942 488 978 Exordium.
515 954 548 987 p.
576 946 623 979 5-
646 947 678 980 6.

311 1001 332 1035 l.
362 1002 409 1036 De
437 1002 603 1038 Pratinae
630 1003 861 1047 fragmentis,
886 1005 1121 1046 testimoniis,
1148 1004 1230 1039 aliis
1257 1005 1360 1039 locis.
1388 1015 1421 1048 p.
1448 1006 1574 1042 6-20,

466 1060 505 1095 A.
534 1062 581 1096 De
608 1062 838 1106 fragmentis.
865 1073 900 1106 p.
926 1063 1053 1098 6-10.

459 1119 494 1153 B.
523 1120 570 1154 De
597 1121 834 1155 testimoniis.
861 1131 897 1164 p.
925 1121 1073 1156 10—15.

466 1177 501 1212 C.
530 1178 579 1212 De
606 1179 736 1212 ceteris
763 1178 867 1213 locis.
894 1188 928 1222 p.
956 1179 1107 1213 15-20.

297 1234 333 1267 ll.
362 1235 410 1269 De
439 1235 606 1270 Pratinae
634 1237 709 1271 vita
738 1240 773 1271 et
800 1237 1036 1271 carminibus.
1064 1247 1099 1280 p.
1127 1238 1277 1272 20—62.

465 1293 504 1327 A.
534 1294 581 1328 De
609 1293 776 1329 Pratinae
805 1295 894 1329 vita.
920 1304 954 1338 p.
982 1295 1131 1330 20-21.

466 1352 500 1387 Β.
528 1353 577 1386 De
606 1352 773 1387 Pratinae
800 1354 1025 1388 carminibus
1064 1363 1097 1397 p.
1124 1354 1274 1389 21—62.

557 1422 590 1445 a.
618 1411 666 1446 De
693 1412 920 1446 carminibus
947 1412 1084 1456 lyricis.
1111 1423 1145 1456 p.
1172 1413 1322 1448 21--54,

561 1470 593 1503 b.
622 1469 670 1504 De
699 1469 843 1504 Pratina
872 1473 982 1512 poeta
1010 1471 1185 1514 satyrico.
1213 1481 1247 1514 p.
1272 1472 1425 1506 55—60.

563 1538 593 1562 c.
621 1528 669 1563 De
698 1528 842 1563 Pratina
871 1531 979 1572 poeta
1007 1530 1162 1573 tragico.
1190 1539 1224 1573 p.
1251 1530 1400 1564 60—62.

276 1585 326 1619 lll.
366 1586 413 1619 De
450 1596 618 1620 sermone
656 1586 823 1621 Pratinae
859 1585 1007 1622 ‘ArIstia
1045 1587 1159 1632 Cydia
1195 1588 1351 1632 Diagora
1388 1588 1479 1624 taso
1518 1589 1770 1634 Melanippide
1808 1590 1890 1626 Pra-

355 1643 438 1678 xilla
467 1644 609 1679 Teleste
636 1645 846 1687 adiunctis).
875 1655 910 1689 p.
936 1646 1088 1680 62—92.

467 1701 506 1736 A.
535 1703 583 1737 De
609 1703 804 1738 adiectivis
831 1705 1063 1747 compositis.
1092 1715 1126 1748 p.
1152 1705 1304 1741 64-73.

556 1771 588 1795 a.
616 1760 806 1796 Adiectiva
835 1763 1043 1805 composita
1072 1763 1311 1798 adverbialia.
1339 1774 1373 1807 p.
1399 1765 1549 1799 64-66.
1623 1767 1626 1770 ’

547 1820 569 1853 b
608 1818 800 1854 Adiectiva
828 1821 1036 1864 composita
1064 1822 1249 1856 obiectiva
1278 1822 1453 1858 verbalia.
1479 1833 1515 1866 p.
1540 1823 1689 1858 66—69.

558 1888 587 1913 c.
615 1877 806 1913 Adiectiva
834 1880 1043 1922 composita
1071 1881 1303 1916 attributiva.
1330 1891 1365 1924 p.
1391 1880 1540 1916 69—73.

467 1936 502 1970 B.
531 1937 579 1971 De
605 1936 686 1971 aliis
715 1937 920 1972 vocabulis.
947 1947 982 1981 p.
1008 1938 1159 1973 74—92.

555 2006 588 2029 a.
615 1995 816 2037 Vocabula,
855 2005 949 2039 quae
976 1996 1010 2030 in
1039 2006 1207 2031 sermone
1243 1998 1350 2040 epico
1381 2008 1455 2033 non
1487 2002 1648 2034 exstant.
1675 2009 1710 2043 p.
1735 1999 1884 2034 74-89.

556 2054 588 2088 b.
617 2054 665 2088 De
698 2053 865 2088 Pratinae
910 2054 1103 2089 vocabulis
1146 2056 1216 2090 iarn
1261 2056 1295 2090 in
1340 2066 1507 2092 sermone
1549 2058 1655 2101 epico
1696 2056 1883 2093 adhibitis.

614 2122 648 2155 p.
675 2104 826 2146 89—9'2.

274 2170 328 2204 lV.
356 2170 628 2206 Vocabulorum
655 2170 807 2205 indices.
834 2180 868 2214 p.
895 2171 1069 2206 93-100.

462 2228 502 2263 A.
529 2228 709 2264 Pratinae.
736 2239 770 2272 p.
799 2229 844 2264 93
865 2228 949 2263 κ94.

460 2289 496 2321 B.
523 2287 797 2331 Melanippidis.
824 2297 857 2331 p.
886 2288 1036 2322 95—96.

462 2345 498 2381 C.
524 2345 688 2381 Telestis.
717 2356 751 2389 p.
777 2345 927 2380 97—98.

461 2404 499 2439 D.
527 2404 738 2440 Ceterorum
766 2407 958 2448 poetarum
989 2415 1097 2449 supra
1126 2408 1411 2443 nominatorum.
1439 2418 1473 2452 p.
1499 2407 1672 2444 99—100.
