1994 3236
929 201 1215 242 „50-

265 306 414 363 αὖτοὺς
450 307 521 355 τὸν
562 306 688 370 ὄγκον
728 314 799 355 καὶ
842 309 890 355 1τὸ
930 312 1217 397 προσποίημα
1256 313 1331 372 τῆς
1360 307 1692 370 καλοκάγαθίας
1723 313 1768 357 ἐν
1795 318 1890 366 τοῖς

265 382 338 434 τῗς
369 377 574 439 ἁρμονίας
612 374 768 440 νθεσιν
799 379 972 440 Δωριον
1006 383 1085 438 μὲν
1115 377 1242 426 αὖῖὶν
1282 377 1329 427 οὗ
1368 382 1569 439 νομίζειν,
1607 383 1887 444 προσεμφερῖ

266 452 315 495 δέ
355 470 451 504 πως
491 451 649 510 ἐκείνη·
689 448 844 510 διόπερ
883 472 921 496 ἲ
910 450 1129 511 ῑοόώριον
1161 450 1380 507 ἐκάλεσαν,
1423 449 1482 506 ὥς
1511 450 1561 498 τὸ
1592 454 1890 514 προσεμφερὲς

265 522 324 580 τῶ
355 523 490 581 reo-aqu
519 517 755 566 ὗπόλεικον
786 525 859 566 καὶ
890 519 940 567 τὸ
969 541 1026 579 μγ
1061 519 1187 581 γλυκι
1216 524 1297 579 μὲν
1331 520 1453 582 εγγὺς
1474 523 1522 567 δὲ
1542 520 1694 568 τούτου
1712 524 1890 583 λέγομεν

264 587 300 635 ὖ
300 588 499 649 εόγλικυ·
533 587 665 645 οὕτως
695 595 767 636 καὶ
801 589 1045 651 ὖποὸωριον
1074 590 1124 637 τὸ
1154 611 1211 649 μγ
1236 590 1349 638 πάνυ
1382 591 1565 651 Λωριον.
1599 597 1651 641 V.
1683 597 1727 641 d.
1757 599 1888 654 igitur

267 665 465 708 sciebant
506 667 837 710 similitudinem
883 680 982 711 esse
1025 668 1247 721 quandam
1290 670 1399 711 inter
1431 667 1612 711 Aeolum
1653 671 1695 712 et
1727 667 1888 712 Dorum

269 735 539 789 harmonias;
574 738 720 790 itaque
753 737 866 780 hanc
899 738 1170 780 harmoniam
1205 738 1484 792 appellabant
1506 738 1888 793 „hypodoricam“.

268 805 457 849 Eandem
486 806 575 850 fere
598 820 685 868 rem
711 807 814 850 dicit
847 807 1085 850 scholiasta
1118 808 1171 850 ad
1208 808 1326 851 Pind.
1362 808 1482 864 Pyrri,
1508 809 1548 860 ll,
1581 809 1678 862 128,
1700 801 1892 858 Αἰολεὺς

271 872 410 927 ἔβαινε
443 873 616 931 Δωρίαν
647 874 855 917 κέλονθον
884 870 1034 929 ὕμνων.
1057 878 1086 931 ¹)

386 946 581 989 Pratinas
629 950 717 990 tres
763 947 1015 991 harmonias
1058 949 1285 991 discernit:
1338 950 1375 992 1.
1423 942 1619 989 σὺνῑονον
1659 941 1891 1003 ἁρμονίως

270 1017 309 1059 2,
342 1007 471 1056 Ἰαστὶ
503 1014 688 1068 μοῖοανς
719 1018 758 1060 3,
791 1014 990 1058 Alozt‘dce
1020 1011 1235 1073 ἁρμονίαν.

384 1086 543 1130 Verbis
576 1081 773 1136 σύντονος
803 1080 984 1141 ἁρμονία
1023 1090 1065 1141 (i.
1088 1102 1123 1132 e.
1158 1089 1378 1142 adstricta,
1410 1093 1613 1132 contenta
1646 1089 1890 1143 harmonia)

276 1161 402 1211 poeta
438 1158 634 1200 Doricam
677 1157 949 1202 harmoniam
994 1159 1242 1213 significare
1283 1160 1465 1212 videtur,
1505 1171 1694 1215 quocum
1726 1161 1891 1215 optime

278 1229 480 1279 concinit,
523 1227 640 1282 quod
673 1227 827 1271 Athen
859 1229 1056 1308 tHeracL)
1095 1242 1133 1284 p.
1165 1230 1252 1272 624
1285 1230 1318 1272 D
1360 1230 1413 1273 de
1455 1223 1537 1273 hoc
1573 1242 1730 1284 genere
1762 1229 1891 1273 dixit:

275 1291 284 1305 ‘
330 1313 381 1349 με
389 1313 408 1337 1
441 1288 510 1338 οὖν
543 1291 715 1352 Δώριος
746 1291 929 1352 ἁρμονία
959 1292 1009 1339 τὸ
1040 1290 1251 1353 ανδρωδες
1292 1296 1491 1356 ἐμφαίνει
1522 1298 1598 1340 καὶ
1627 1293 1678 1340 τὸ
1705 1298 1892 1355 μεγαλο-

272 1366 440 1423 πρεγῑὲς
486 1367 559 1408 καὶ
608 1359 655 1409 οὗ
695 1367 995 1421 διακεχυμένον
1036 1361 1122 1410 ουδ’
1159 1363 1313 1425 ιλαρὸν,
1362 1361 1470 1411 αλλὰ
1511 1363 1777 1426 σκυθρωπὸν
1814 1385 1890 1411 και

274 1432 461 1494 σφοδρόν
494 1471 501 1478 .
538 1472 545 1479 .
583 1471 590 1478 .
627 1473 634 1481 .

388 1509 669 1552 Harmoniam
703 1509 905 1552 donicam
947 1514 1074 1564 poeta
1114 1511 1304 1565 appellat
1334 1501 1566 1563 ἀνειμέναν,
1610 1512 1633 1554 i.
1666 1523 1702 1554 e.
1735 1510 1891 1564 laxam,

272 1592 359 1623 non
393 1583 664 1633 contentam;
696 1579 847 1622 eadem
880 1580 969 1623 fere
1001 1579 1157 1623 Athen.
1191 1580 1388 1634 (Heracl.)
1422 1580 1526 1624 dicit
1557 1593 1596 1636 p.
1628 1581 1714 1625 625
1747 1579 1797 1624 B:
1841 1574 1892 1621 τὸ

272 1648 347 1706 τῆς
378 1640 509 1689 'laon
540 1646 660 1704 γένος
704 1642 911 1704 ἁρμονίας
957 1640 1041 1691 οἵτ’
1073 1641 1261 1706 ἀνθηρὸν
1308 1642 1400 1691 οἵτε
1433 1644 1575 1705 ἱλαρόν
1607 1648 1735 1702 ἐστιν,
1782 1642 1891 1692 ἀλλὰ

272 1712 476 1774 αὐστηρὸν
506 1718 580 1760 καὶ
612 1713 792 1775 σκληρόν
824 1752 832 1760 .
868 1753 876 1760 .
913 1753 921 1760 .
957 1753 965 1760 .

390 1791 519 1844 lgitur
552 1790 746 1833 Pratinas
796 1793 1075 1834 constrictam
1126 1791 1242 1834 illam
1292 1792 1562 1834 harmoniam
1598 1791 1794 1836 Doricam
1841 1804 1891 1835 ac

279 1862 420 1904 laxam
461 1861 609 1904 lonum
664 1860 838 1904 refutat*
895 1860 948 1903 At
988 1861 1138 1917 decere
1194 1861 1291 1905 illos
1338 1885 1382 1890 -
1421 1863 1482 1904 ait
1517 1886 1564 1890 —
1601 1863 1674 1917 qui
1713 1864 1888 1905 cantum

282 1934 430 1974 amant
462 1931 504 1985 (i.
537 1944 570 1974 e.
601 1924 880 1985 λαβράκταις)
914 1930 1131 1974 Aeolicam
1168 1931 1439 1974 harmoniam
1473 1933 1515 1986 (i.
1548 1944 1582 1975 e.
1614 1931 1887 1976 harmoniam

275 2001 586 2056 hypodoricam
621 2013 731 2056 quae
764 2000 992 2056 dicitur).2)

389 2071 479 2114 Hoc
511 2070 804 2125 fragmentum
839 2071 996 2126 lyricae
1029 2074 1151 2126 poesi
1186 2084 1287 2115 esse
1319 2071 1658 2116 adscribendum
1691 2074 1888 2127 apertum

274 2145 352 2184 est.
415 2141 521 2183 Nam
564 2143 751 2195 primum
795 2141 836 2183 hi
871 2154 1026 2184 versus
1060 2154 1111 2184 ex
1143 2141 1394 2185 Heraclidae
1427 2143 1602 2196 scriptis
1634 2141 1689 2185 de
1721 2143 1891 2186 musica

276 2215 379 2254 sunt
427 2213 610 2264 sumpti;
660 2211 818 2254 deinde
861 2211 933 2254 illo
966 2210 1118 2254 Athen,
1153 2212 1246 2254 loco
1280 2211 1333 2254 de
1366 2213 1508 2265 poetis
1541 2211 1686 2267 lyricis
1717 2215 1888 2256 tantum

393 2363 416 2403 ¹)
454 2363 502 2397 De
531 2362 733 2396 harmoniis
770 2361 1011 2404 hypodoricis
1045 2361 1090 2395 cf.
1118 2361 1237 2395 Herm.
1265 2361 1387 2404 Abest,
1425 2363 1487 2397 Die
1514 2362 1624 2397 Lehre
1660 2373 1746 2398 vom
1774 2362 1889 2398 Ethos

275 2421 309 2454 in
338 2421 402 2454 der
426 2421 561 2464 griech.
589 2420 724 2462 Nlusik,
752 2420 834 2462 Lpz.
863 2420 963 2462 1899,
991 2430 1026 2463 p.
1052 2420 1095 2454 81
1124 2430 1203 2463 sqq.

392 2499 417 2540 2)
443 2498 644 2541 Westphal,
671 2496 873 2532 Harmonik
900 2496 974 2530 und
1002 2496 1220 2539 Melopoeie,
1248 2497 1269 2530 l.
1297 2496 1318 2530 l.
1345 2507 1379 2540 p.
1409 2497 1475 2531 186
1501 2507 1554 2541 sq.
1591 2497 1661 2532 hoc
1687 2497 1771 2533 loco
1797 2508 1887 2532 usus

275 2559 331 2590 est
358 2556 403 2590 ad
431 2555 729 2599 cognoscendam
758 2558 873 2589 artem
902 2556 1080 2589 musicam
1099 2553 1344 2598 Graecorum
1371 2554 1442 2590 hoc
1469 2555 1580 2590 modo
1608 2555 1701 2591 hanc
1721 2555 1888 2592 Pratinae

914 2623 926 2645 ¹
1006 2634 1023 2656 2

276 2684 505 2718 harmoniam
535 2684 750 2727 descripsit:
790 2646 1193 2763 ᾖΞΕΞΕΞὲ-

558 2813 586 2847 l.
614 2810 789 2847 σύντονος
839 2813 872 2847 2.
899 2811 1031 2848 Αἰολίς.
1081 2814 1114 2847 3.
1141 2807 1310 2856 ἅνειιιένη
1359 2806 1472 2844 [αστί.

276 2870 330 2905 An
357 2870 447 2905 haec
474 2881 516 2905 ex
538 2871 704 2905 Pratinae
731 2871 903 2906 versibus
930 2871 1148 2906 concludere
1175 2881 1249 2905 non
1277 2870 1396 2911 liceat,
1423 2869 1509 2904 mihi
1537 2869 1683 2916 quidem
1703 2869 1812 2906 valde
1830 2873 1887 2905 est

278 2929 439 2964 dubium.
